4520 5736
1484 461 1641 528 XXXV

393 621 793 799 INDEX
884 615 1502 793 0111111111,
1677 581 1801 790 ff

534 895 843 1008 ΤΟΜΙ
927 899 1404 1026 PRIMI..

208 1177 598 1260 Duum-nonos.
948 1243 952 1252 .
1472 1184 1562 1292 Pag.
1597 1212 1639 1266 1.

208 1371 523 1468 Axtoum,
552 1397 661 1452 stvo
696 1371 857 1454 Locus
896 1372 1094 1458 Morus.
1569 1401 1634 1480 11.

235 1609 323 1692 DE
364 1606 580 1696 MOTU
624 1606 1028 1694 CORPORUM
1075 1605 1276 1696 LIBER
1318 1607 1591 1695 PRIMUS.

204 1843 233 1925 S
240 1872 345 1929 m,
374 1845 404 1927 Ι.
583 1835 794 1920 Emetbodo
807 1845 991 1923 rationum
1004 1849 1211 1960 primarum
1230 1845 1276 1928 b*
1290 1841 1519 1930 ultimarum.
1552 1863 1630 1933 62.-

204 1959 344 2047 Suco.
375 1959 426 2044 11.
638 1961 704 2040 De
730 1963 938 2040 inventione
966 1969 1106 2044 virium
1138 1967 1432 2078 ceutripetarum,
1557 1979 1632 2063 89.

204 2081 343 2166 Suco.
373 2081 436 2161 III.
480 2078 547 2157 De
561 2071 661 2157 motu
675 2104 861 2193 corporum
873 2084 913 2160 in
928 2077 1515 2194 11111111111111111111111111.
1534 2111 1639 2188 153.

205 2201 345 2286 Stet.
372 2201 461 2284 IV.¹
506 2197 572 2276 De
598 2200 809 2278 inventione
853 2195 992 2278 orbium
1032 2199 1303 2314 ellipticorum,
1335 2197 1631 2313 parabolicorum

544 2313 592 2392 &⁴
616 2309 917 2428 hyperbolicorum
944 2342 991 2394 ex
1020 2315 1190 2397 umbilico
1218 2313 1318 2396 dato.
1531 2347 1634 2425 175·-

203 2467 338 2525 ancr.
373 2436 424 2517 V.
481 2429 546 2509 De
562 2433 775 2518 inventione
788 2429 927 2512 orbium
942 2431 1008 2512 nbi
1024 2433 1218 2515 umbilicus
1231 2453 1355 2518 neuter
1369 2429 1496 2520 datur.
1528 2449 1624 2526 188.

201 2563 341 2646 Stet.
373 2553 448 2634 VI.
511 2547 577 2626 De
601 2554 812 2632 inventione
837 2573 1003 2632 motuum
1031 2557 1071 2632 in
1101 2549 1243 2633 orbibus
1263 2548 1379 2636 batis..
1484 2655 1486 2660 Ι
1528 2581 1626 2658 259·

202 2679 341 2762 Suco.
370 2673 460 2754 VII
521 2665 588 2748 De
614 2695 798 2782 corporum
827 2663 972 2782 ascensu
999 2669 1049 2752 δ’
1076 2666 1239 2784 descensu
1262 2669 1460 2753 tebibineo.
1523 2700 1618 2768 292.

204 2799 343 2881 Soet.
373 2791 493 2878 VIII.
553 2786 619 2866 De
652 2789 864 2870 inventione
893 2786 1033 2868 orbium
1062 2795 1102 2870 in
1135 2787 1266 2902 quibus
1294 2815 1440 2904 corpora
1475 2789 1630 2872 viribus<

574 2900 849 3019 quibuscunque
860 2909 1066 3022 cennipetis
1077 2911 1224 3020 agitata
1237 2905 1491 2992 revolvuntur.
1528 2933 1630 3014 312..

202 3041 341 3120 Soet.
370 3029 447 3113 IX.
507 3025 573 3107 De
599 3045 701 3106 motu
724 3051 908 3139 corporum
931 3029 972 3108 in
998 3024 1139 3108 orbibus
1163 3025 1377 3128 mobilibus,
1405 3021 1519 3138 deque
1543 3053 1626 3107 mo·

565 3165 606 3223 tu
632 3141 808 3258 apsidum.
1537 3173 1641 3250 334,

201 3275 338 3358 Socr.
368 3269 420 3352 X.
481 3265 546 3344 De
565 3286 664 3343 motu
688 3288 873 3378 corporum
896 3268 937 3344 in
946 3253 1199 3380 fitperficiebus
1226 3261 1344 3364 botis,
1375 3261 1490 3376 deque
1511 3259 1623 3366 fune·

533 3379 767 3492 pendulorum
791 3406 891 3463 motu
915 3388 1100 3500 reciproco.
1261 3383 1265 3392 “
1527 3398 1640 3489 361..

199 3510 336 3596 Socr.
365 3507 440 3589 XI.
500 3501 567 3582 De
587 3526 688 3583 motu
708 3527 892 3617 conpotum
915 3502 1057 3585 viribus
1075 3501 1280 3616 centtipetis
1292 3494 1333 3614 fe
1350 3521 1477 3581 mutuo
1498 3523 1636 3616 peren,

572 3643 681 3704 itum.
1528 3645 1628 3716 404.

197 3753 333 3834 Suco.
360 3745 458 3828 XII.
519 3739 586 3820 De
607 3764 790 3853 corporum
803 3734 1061 3854 spbeticorum
1087 3736 1231 3822 viribus
1258 3737 1487 3820 aterantvts.
1526 3753 1637 3841 465..

197 3869 335 3952 Sncr.
366 3863 488 3945 XIII.
549 3860 616 3940 De
646 3883 830 3973 corporum
864 3885 933 3941 non
969 3855 1225 3973 spbaericorum
1262 3852 1408 3936 viribus
1447 3855 1632 3935 1111111·-

530 4011 533 4018 ’
616 4004 692 4060 vos.
1120 3995 1125 4002 ·
1540 3999 1644 4080 503.

201 4105 338 4190 Sicu.
368 4098 487 4186 XIV.
547 4093 616 4194 De
635 4121 737 4177 motu
754 4123 937 4212 corporum
964 4097 1334 4208 minimorumque
1371 4088 1525 4172 viribus
1549 4117 1630 4169 oen·

603 4219 745 4327 triponis
761 4211 980 4328 abstnguios
1004 4217 1130 4328 magni
1148 4211 1305 4325 alicujus
1336 4217 1486 4326 corporis
1504 4230 1641 4323 portes·

600 4331 827 4448 studentibus
849 4336 1064 4450 agitantur..
1254 4345 1257 4350 '
1530 4353 1576 4432 53
1586 4353 1632 4431 3..

1325 4677 1329 4688 ’
1505 4727 1654 4819 nto:
