4586 5658
433 450 767 532 Parnerrsn
828 435 1314 531 Mnrurunrrcr.
1509 473 1580 554 r03

1523 599 1526 604 ’
1613 587 1742 654 tum

765 711 1010 826 Scholium.

237 980 294 1081 (b)
326 953 441 1065 Casus
469 984 660 1063 corollarii
692 977 785 1060 sexti
818 979 968 1062 obtinet
998 986 1037 1059 in
1070 977 1292 1089 corporibus
1339 983 1551 1067 coelestibus
1578 1045 1603 1082 ‚·.

178 1112 232 1202 (nr
273 1099 435 1182 seorsum
471 1101 707 1210 collegerunt
737 1106 854 1178 etiam
893 1100 1075 1180 nostrates
1116 1115 1314 1194 Wrermur,
1346 1099 1507 1180 Horisius
1550 1097 1603 1188 δέ

174 1217 364 1314 Hallaeur)
403 1232 444 1303 δε
478 1241 680 1328 propterea
711 1245 795 1326 quae
827 1217 992 1328 spedant
1031 1211 1088 1296 ad·
1113 1217 1206 1300 vim'
1233 1229 1484 1330 centripetam
1525 1216 1592 1302 de-

174 1337 407 1426 crescentem
439 1344 479 1420 in
511 1331 712 1444 duplicati,
735 1343 883 1416 ratione
913 1331 1172 1449 distantiarum
1201 1339 1221 1419 *a
1252 1348 1411 1435 centris,
1437 1333 1605 1454 decrevi

173 1458 285 1539 furius
318 1452 626 1566 insequentibus
666 1449 868 1561 exponere.

232 1579 354 1657 Porro
376 1565 623 1682 procedentis
648 1570 919 1680 propofitionis·
947 1573 1302 1656 &coronariorum
1332 1577 1409 1679 ejus
1438 1547 1604 1660 beneli÷¹

175 1699 257 1786 cio,
290 1695 483 1799 colligitur
515 1695 629 1770 etiam
658 1697 856 1798 proportio
890 1697 944 1771 vis
975 1699 1192 1800 centripetrr
1237 1691 1288 1774 ad
1318 1701 1404 1774 vim
1429 1695 1604 1806 quamli-¹

174 1807 240 1891 bet
272 1835 431 1904 notam,
464 1810 584 1918 qualis
618 1810 669 1888 est
699 1816 969 1916 etgravitatis.
1022 1812 1128 1896 Nam
1155 1811 1182 1891 fi
1212 1831 1348 1924 corpus
1381 1819 1421 1894 in
1449 1812 1593 1894 circulo

174 1949 281 2010 terrae
317 1935 568 2010 concentrico
605 1931 643 2006 vi
684 1931 881 2034 gravitatis
920 1925 1006 2007 suae'
1028 1931 1275 2026 revolvatur,
1308 1930 1390 2013 haec
1432 1938 1600 2044 gravitas·

174 2047 226 2125 est
251 2047 360 2156 ipsius
395 2052 449 2124 vis
474 2051 698 2152 centripeta.
759 2045 884 2125 Datur
911 2067 1040 2126 autem
1058 2073 1105 2125 ex
1130 2039 1304 2130 descensu
1331 2055 1520 2158 gravium,
1550 2058 1594 2130 bc

172 2183 323 2270 tempus
351 2165 605 2244 revolutionis
633 2165 770 2254 unius,
800 2171 840 2242 tlt
874 2189 981 2242 arcus
1015 2157 1107 2244 dato
1142 2175 1278 2272 quovis
1304 2182 1481 2276 tempore
1509 2161 1589 2246 des-

174 2288 341 2388 criptus,
374 2305 441 2385 per
467 2280 577 2381 hujus
611 2278 731 2356 corol.
772 2301 830 2357 rx.
905 2282 954 2360 Et
981 2283 1045 2374 (⁶)
1073 2278 1286 2380 hujusmodi
1319 2286 1598 2392 propositioni..

173 2395 243 2476 bus
260 2393 452 2502 Hagenius
480 2403 520 2477 in
547 2398 687 2473 eximio
714 2391 778 2473 suo
795 2396 954 2477 tradatu
980 2392 1024 2472 de
1048 2393 1238 2506 Hor'ologio
1260 2392 1485 2507 Oscillatorio
1511 2408 1599 2482 vim.

171 2519 364 2622 gravitatis
396 2539 485 2592 curn
514 2513 796 2593 revolventium
823 2512 963 2594 viribus
988 2511 1206 2623 centrifugis
1239 2519 1415 2598 contulit.

234 2627 298 2728 (d)
325 2633 589 2713 Demonstrati
617 2633 732 2707 eriam
761 2622 911 2738 poliunt
942 2623 1196 2741 praecedentia
1219 2639 1258 2713 in
1287 2632 1390 2714 hunc
1415 2631 1592 2721 modum«

172 2750 217 2829 ln
243 2753 397 2830 circulo
417 2751 554 2855 quovis
586 2739 744 2826 describi
770 2749 1000 2859 intelligatur
1025 2749 1260 2856 polygonum
1286 2751 1446 2836 laterum
1474 2779 1586 2864 quot·

174 2893 337 2976 cunque.
388 2868 447 2949 'Et
476 2866 503 2946 sr
533 2889 670 2972 corpus
696 2869 738 2946 in
766 2865 949 2978 polygoni
982 2863 1162 2952 lateribus
1193 2861 1282 2952 dari
1320 2896 1411 2964 cum
1451 2876 1605 2956 veloci..

1509 3009 1606 3076 tate·

1613 673 1748 732 Pnups·
1833 697 1839 704 ·

210 3249 280 3327 (by
312 3265 376 3326 203.
398 3253 436 3309 Ex
452 3242 699 3316 observationibus
714 3243 858 3324 colligunt
908 3245 1222 3328 vitatisproportione
1246 3269 1290 3328 ¹3·
1324 3253 1504 3315 theoremata
1536 3251 1612 3316 ino·

171 3326 325 3398 allronomi
357 3327 484 3404 planetas
517 3319 715 3387 secundarios,
742 3338 771 3380 ut
796 3321 859 3380 sunt
909 3323 1149 3383 demonstratione
1161 3326 1318 3405 proposuit.
1331 3335 1440 3397 Eorum
1455 3329 1611 3463 alipuain·

172 3400 252 3472 Jovis
264 3403 310 3461 vel
324 3398 613 3466 SaturniSatellites,
633 3395 719 3455 radiis
735 3395 858 3484 adsvufn
908 3398 1072 3457 corollario
1080 3401 1194 3487 propos.
1204 3403 1320 3482 hujusce
1329 3407 1381 3466 lV.
1391 3405 1496 3466 demon
1520 3406 1594 3466 ravit

188 3479 314 3550 ,lanetam
334 3475 499 3544 primarium
520 3473 623 3536 duciis,
646 3491 724 3532 areas
750 3471 858 3532 desert·
909 3472 1095 3542 Newronus,
1113 3496 1242 3555 namque
1264 3501 1280 3539 a
1302 3479 1375 3540 eruit
1400 3480 1445 3540 cui
1466 3479 1593 3542 infiden.

171 3497 239 3612 iere
266 3554 440 3630 temporibus
466 3549 715 3638 proportionales,
742 3566 857 3608 eorum·
910 3549 948 3607 do
976 3567 1077 3612 caetera
1105 3554 1202 3614 omnia
1225 3501 1299 3615 facis

172 3647 229 3762 pne
259 3645 386 3706 tempora
439 3629 571 3690 eriodrca
606 3623 660 3684 elle
686 3623 716 3685 in
746 3621 857 3686 ratione
909 3625 1037 3713 poliunt,
1068 3629 1147 3703 quod
1177 3631 1272 3708 polleal
1298 3631 1479 3715 perfecerunt
1510 3633 1599 3695 multi

186 3702 371 3782 el'quiplieati
391 3649 583 3766 diiianciarnrn
605 3705 624 3760 ὲ
643 3715 746 3760 contro
761 3701 859 3778 plane·
907 3700 957 3760 rufi
978 3722 1026 3762 nes
1047 3703 1272 3780 Mathematici.=

172 3777 376 3862 taeprimarii;
405 3783 532 3859 planetas
553 3777 620 3838 verb
643 3775 795 3856 primarios
816 3795 860 3843 ra÷
949 3723 1022 3857 si)
1046 3799 1108 3853 205.
1139 3783 1208 3840 Duo
1231 3781 1326 3844 intelli
1347 3801 1429 3844 antur
1447 3783 1595 3864 polygona

171 3858 226 3917 diis
255 3857 290 3917 ad
321 3857 411 3917 solem
446 3857 556 3918 dunis,
593 3873 672 3914 areas
697 3851 859 3914 describere
910 3852 1012 3917 similia
1038 3860 1064 3914 ἃ
1093 3857 1233 3935 regularia
1258 3804 1372 3918 circuiit
1399 3859 1507 3918 dnobus
1536 3861 1594 3918 ins·

171 3933 350 4014 temporibus
369 3931 599 4011 proportionales
615 3947 772 4006 eorumque
789 3945 861 3988 tem·
910 3930 1023 4008 cripta,
1042 3951 1162 4008 quorum
1181 3935 1270 3994 latera
1287 3955 1404 3995 numero
1423 3933 1550 3994 crescant
1567 3939 1594 3993 &

173 4029 244 4092 pora
281 4009 411 4070 erlodiea
428 4009 481 4068 elle
498 4006 656 4068 iuratione
678 4002 859 4082 sesquiplica·
908 4005 1091 4084 longitudine
1121 4005 1281 4069 minuantur
1311 4010 1339 4068 in
1371 4007 1533 4076 infinitum,
1565 4013 1593 4074 δι

172 4088 200 4145 ti
219 4031 376 4148 radiorum.
417 4083 520 4160 Quarb
536 4080 614 4150 casus
635 4079 787 4140 corollarii
802 4082 854 4142 Vl.
908 4101 1035 4160 corpora
1065 4081 1124 4143 duo
1154 4083 1183 4140 in
1216 4085 1426 4164 polygonorum
1456 4085 1593 4146 lateribus

170 4163 201 4226 in
222 4164 391 4244 corporibus
415 4157 576 4223 coelestibus
598 4157 731 4223 obtinet,
750 4154 779 4214 id
797 4156 856 4224 eli,
907 4156 1039 4294 aetpabili
1059 4157 1215 4221 velocitate
1225 4159 1367 4223 ferantur,
1386 4177 1470 4239 atque
1482 4161 1517 4220 ad
1536 4161 1590 4222 snt-

170 4239 344 4318 planetarum
376 4237 548 4299 velocitates
571 4232 634 4292 sunt
660 4230 807 4309 reciproce
824 4231 855 4294 in
907 4253 942 4312 gu
958 4255 990 4294 os
1012 4237 1131 4312 angulos
1147 4233 1288 4296 dcirculo
1307 4235 1493 4298 serenantur.
1523 4239 1608 4300 Ma·v

169 4317 284 4378 tatione
326 4313 531 4395 subduplicatd.
552 4306 696 4372 radiorum
725 4311 752 4365 &
782 4310 855 4370 vires
907 4309 1037 4372 oisellum
1061 4311 1274 4400 estocorporum
1303 4313 1333 4371 in
1360 4311 1513 4393 polygonis
1541 4329 1590 4371 re-

169 4393 336 4474 centripprae
356 4393 420 4457 sunt
443 4386 594 4470 reciprood
607 4399 638 4454 ut
654 4383 790 4462 quadrata
808 4407 866 4450 παι.
905 4385 1080 4448 volventium
1091 4406 1165 4446 viros
1176 4388 1350 4474 centrifpgas
1367 4407 1424 4447 non
1436 4387 1489 4449 elib
1502 4407 1607 4454 ,mena

171 4468 297 4530 diorum.
907 4462 1037 4526 sttrandas
1056 4482 1091 4523 ex
1114 4462 1177 4524 soli
1198 4463 1354 4523 velocitate
1376 4464 1431 4540 qurl
1449 4460 1589 4542 itt-fingu-

209 4545 358 4620 (t)·204·
378 4541 524 4680 liupenius
542 4538 579 4600 ad
595 4519 857 4600 calcem'trananis
907 4541 943 4600 lis
965 4537 1074 4619 angulis
1100 4537 1247 4599 incurrunt
1271 4537 1300 4596 in
1327 4537 1465 4599 circulum
1487 4543 1513 4597 δι
1534 4539 1608 4615 qus.¹

167 4621 207 4681 'do
226 4619 417 4709 horologioo
433 4617 592 4686 efflando,
611 4618 647 4678 de
665 4609 769 4700 viribus
784 4631 858 4673 cen·
903 4619 940 4676 ab
961 4614 1016 4675 illo
1036 4613 1235 4684 reflectuntur,
1268 4613 1317 4684 iod
1343 4611 1453 4696 insuper
1478 4611 1589 4674 haben·

166 4695 285 4780 nifugis
302 4717 333 4762 ro
350 4697 466 4774 cusulo
479 4709 727 4779 turonorum,
737 4707 768 4754 vr
786 4707 857 4774 gras
902 4692 969 4760 riam
981 4689 1203 4772 effornioorm
1227 4687 1400 4774 frequentiae„
1420 4690 1601 4840 impactuppg

1296 3558 1305 3615 i
1336 3555 1456 3636 negotio
1483 3555 1611 3617 absolvi
