4566 5644
591 397 874 480 Priuernra
921 393 1338 483 Martanunrrca.
1588 375 1676 506 539¹

822 573 1069 692 Scholiaim.

303 803 453 895 Harum
482 813 751 895 artnentum
778 809 881 896 haud
916 819 1081 898 multum
1109 814 1298 902 diffimiles
1324 818 1406 902 sunt
1432 822 1525 902 lucis
1553 819 1662 903 refle-

242 940 376 1014 xiones
406 941 446 1012 &
472 929 739 1028 refractiores,
773 931 877 1014 faetae
904 929 1111 1034 secundum
1145 932 1275 1020 datam
1305 937 1512 1021 secantium
1542 947 1660 1020 ratio-

243 1077 360 1142 nem,
390 1072 433 1128 ut
460 1056 605 1129 invenit
634 1047 812 1145 stellius,
844 1056 906 1145 (1)
937 1063 977 1132 &
1008 1080 1074 1159 per
1106 1053 1340 1166 consequens
1369 1053 1574 1138 secundum
1596 1055 1660 1140 da.

1705 544 1732 624 L
1745 561 1758 604 1
1769 560 1789 604 a
1800 560 1847 606 n

1688 624 1821 680 Pnruus.

1707 700 1825 757 Pnoe.

1689 790 1709 830 X
1723 787 1771 830 CV
1785 789 1808 830 1·

1687 849 1804 908 Tenon.
1819 851 1847 908 ιζ

242 1191 323 1249 tam
358 1167 502 1246 finuum
540 1173 755 1261 tationem,
786 1190 828 1248 ur
867 1170 1037 1275 exposuit
1069 1170 1250 1276 Carrefiut.
1312 1177 1497 1284 Namque
1534 1181 1661 1260 lucem
1783 1251 1785 1257 ,

242 1282 440 1366 successrve
468 1292 664 1392 propagari
695 1297 735 1368 &
763 1284 879 1393 spatio
914 1288 1015 1393 quasi
1041 1284 1184 1396 septem
1213 1293 1273 1371 vel
1302 1293 1391 1370 οᾶο
1424 1300 1662 1377 minutorum

241 1409 453 1511 primorum
473 1401 493 1480 {a
511 1398 588 1479 sole
617 1395 664 1481 ad
681 1425 821 1484 terram
840 1410 1000 1499 venires
1021 1410 1080 1501 (u)
1105 1409 1180 1508 jam
1201 1411 1347 1489 constat
1361 1437 1428 1517 per
1445 1409 1661 1517 phaenome.

241 1548 291 1599 na
321 1515 520 1598 satellitum
551 1515 682 1614 Jovis,
724 1518 1049 1627 observationibus
1082 1519 1317 1606 diversorum
1354 1521 1661 1610 astrostrmorum

240 1639 479 1717 confirmata.
540 1631 654 1718 Radii
679 1663 807 1720 aurem
837 1645 875 1717 iu
902 1644 987 1719 a'e'te
1006 1639 1203 1723 existentes
1235 1651 1311 1740 (uti
1336 1636 1481 1722 dudum
1501 1644 1692 1724 Grimau

241 1751 338 1849 dus,
374 1755 457 1832 luce
494 1779 559 1859 per
593 1753 766 1838 foramen
797 1765 838 1838 in
871 1754 1111 1840 tenebrosum
1145 1759 1363 1841 cubiculum
1395 1757 1574 1856 admissa,
1604 1771 1660 1844 in.

243 1879 369 1967 venit,
400 1883 440 1956 δι
464 1868 539 1979 ipse
566 1899 721 1981 quoque
745 1895 919 1984 expertus
940 1871 1049 1970 sum)
1077 1881 1118 1956 in
1153 1880 1308 1961 transitu
1342 1876 1406 1958 suo
1433 1906 1552 1988 prope
1578 1907 1661 1960 cor.

548 2011 565 2040 0

1593 2023 1662 2110 PO-

281 2214 345 2292 (t)
383 2213 406 2260 *
443 2223 477 2276 Et
496 2231 547 2296 per
568 2216 739 2295 consequens.
776 2214 859 2278 lucis
882 2239 928 2280 ta·
1047 2230 1051 2242 '
1301 2255 1310 2270 ·

243 2288 306 2350 dius
318 2291 344 2349 G
358 2292 385 2348 H
405 2290 511 2352 incidat
523 2293 551 2351 in
566 2293 677 2369 planum
688 2289 846 2371 refringens
860 2299 927 2361 AD,
1064 2261 1093 2336 Θ
1108 2295 1140 2358 ,Ν
1166 2330 1179 2370 t.

242 2365 275 2425 srt
299 2385 331 2425 ue
345 2367 437 2426 radius
450 2367 582 2427 refractus
599 2368 626 2424 H
638 2370 669 2425 K.
719 2369 830 2427 Centro
853 2373 880 2428 H
899 2377 927 2429 &

241 2387 326 2501 raiio
352 2442 451 2518 quovis
482 2445 569 2508 ΗΑ,
604 2440 726 2500 circulus
754 2443 927 2504 describatur

241 2520 356 2604 planum
372 2517 467 2576 secans
486 2517 515 2576 in
537 2521 603 2580 A&
629 2519 658 2574 D
683 2517 833 2594 radiosque
854 2519 926 2580 lucie

241 2613 272 2652 rn
296 2593 317 2648 B
334 2598 359 2652 &
378 2596 409 2650 F.
451 2592 496 2650 Eri
517 2611 598 2650 antur
619 2593 654 2650 ed
674 2594 785 2668 planum
804 2615 924 2673 perpen-

242 2668 337 2728 dicula
357 2677 380 2726 Α
393 2667 440 2734 G,
460 2669 486 2726 C
499 2613 537 2733 H,
558 2670 627 2732 EF,
651 2671 677 2725 D
690 2671 722 2724 K.
765 2669 926 2730 Villebror·

242 2745 292 2802 dus
318 2743 457 2806 Snellius,
486 2743 630 2804 referente
655 2740 754 2802 Isaaco
778 2745 875 2806 Voffio
896 2747 941 2810 in,
969 2799 971 2806 .

240 2819 288 2878 sui
305 2818 497 2878 dissertatione
514 2819 548 2878 de
561 2820 631 2878 lucis
644 2818 741 2876 nature
755 2824 780 2876 8(
792 2821 926 2899 proprie·
995 2857 1008 2866 „

241 2912 320 2961 tate,
340 2893 486 2952 invenerat
506 2895 631 2954 fetantes
652 2895 736 2976 GH,
758 2898 816 2953 HK
842 2919 927 2982 angu-

240 2971 334 3030 lorum
353 2970 478 3032 GHA.
499 2973 608 3032 ΚΗΙ),
626 2968 680 3028 esse
701 2970 810 3029 indata*
832 2991 924 3032 rano·

241 3065 287 3104 ne.
331 3046 434 3105 Verum
458 3043 524 3126 inde
540 3044 665 3121 sequitur
683 3045 761 3120 quod
783 3047 926 3106 Cartesrus

241 3121 340 3198 postea
359 3119 493 3198 vulgavit,
515 3121 608 3180 datam
628 3139 744 3196 quoque
759 3121 812 3180 effe
833 3123 925 3182 ratio-

241 3199 307 3256 ne'm
323 3195 461 3256 linearum
484 3196 551 3262 CH,
571 3197 621 3254 HE
635 3214 696 3270 quae
709 3195 770 3253 sunt
789 3195 858 3254 finus
874 3215 924 3256 anfi

241 3273 374 3348 gulorum
392 3269 554 3331 incidentia
570 3271 670 3332 ΕΒΗ,
702 3275 727 3326 δι
745 3290 821 3330 emer
842 3273 925 3333 entiae

241 3348 442 3424 rueme).
482 3344 796 3406 NamBHtGH:C
844 3351 926 3408 :AH

242 3421 622 3499 (seuBH)&l(H:FH
643 3420 925 3496 (seuBH):HD

244 3497 509 3573 (seuBH):HE‚
532 3503 557 3556 &
581 3518 614 3557 ex
635 3516 735 3573 aequo,
768 3499 958 3556 KH:GH-

241 3573 443 3634 :CH:HE.
486 3574 584 3649 Quare'
603 3571 667 3631 dati
691 3572 804 3631 ratione
821 3574 876 3632 GH
890 3573 926 3634 ad
1209 3609 1213 3618 ·

242 3650 317 3714 KH,
338 3648 419 3710 datur
437 3669 552 3727 quoque
573 3649 646 3707 ratio
662 3649 712 3706 HE
731 3647 766 3706 ad
783 3649 850 3706 CH.
978 3658 1052 3704 trum
1071 3639 1193 3703 senfibili
1213 3639 1311 3724 aliquo
1327 3661 1457 3726 tempore
1472 3646 1662 3720 diffundatun

279 3727 342 3802 (u)
382 3728 402 3773 e*
441 3732 499 3789 jam
512 3724 606 3801 constat
618 3741 667 3800 per
682 3725 859 3802 phaenomena.
880 3725 928 3792 Ju·
979 3719 1142 3806 necesi'eeli
1159 3721 1488 3855 trtsatellitisEcclipfim
1515 3744 1664 3801 quaecon-

242 3798 320 3876 pirer
345 3821 408 3860 curn
435 3799 497 3872 suis„
515 3819 637 3878 quatuor
662 3796 829 3858 satellitibus
848 3797 927 3858 circe
980 3812 1066 3871 ungit
1085 3794 1151 3852 dum
1163 3798 1242 3864 Jorts
1265 3799 1391 3855 umbram
1426 3798 1503 3866 ubit,
1524 3800 1628 3860 tardius
1646 3801 1663 3860 ὲ

240 3875 332 3934 solem
352 3876 404 3935 ceti
424 3893 553 3937 centrum
574 3873 729 3933 revolvitur
746 3874 775 3931 in
794 3874 928 3951 trajeete-
979 3870 1062 3929 nobis
1085 3869 1212 3958 uideatur
1231 3871 1263 3958 in
1278 3871 1381 3959 majori
1401 3871 1543 3957 illiljovis
1560 3875 1664 3934 distan-

242 3948 284 4010 tia
305 3969 366 4026 quae
389 3951 523 4010 tellurem
551 3950 657 4008 ambitu
681 3951 730 4008 suo
757 3949 926 4028 complecti·
981 3948 1043 4012 tiri,
1071 3965 1156 4004 erttus
1176 3966 1205 4002 tn
1225 3967 1347 4011 minori,
1378 3969 1461 4026 atque
1487 3950 1529 4008 ita
1550 3969 1609 4010 rem
1634 3951 1664 4010 se

244 4041 307 4094 tur,
328 4025 400 4084 unde
419 4027 449 4085 fit
469 4044 499 4084 ut
523 4027 659 4104 perpetuo
676 4043 800 4084 mutetur
815 4025 928 4095 Jovisa
981 4021 1085 4081 habere
1116 4025 1273 4080 Roemerus
1307 4023 1415 4100 aliique
1442 4024 1544 4085 deinde'
1571 4027 1664 4112 plures

244 4101 345 4160 tellure
356 4100 495 4166 distantia,
515 4122 586 4180 qua,
607 4101 716 4160 ceteris
732 4097 853 4178 paribus,
876 4100 930 4157 mi·
981 4095 1135 4157 astronomi
1152 4095 1344 4156 observarunt.
1377 4103 1519 4158 Caeterum
1533 4100 1583 4159 alit
1595 4121 1665 4162 cau-

243 4175 319 4236 nima
333 4175 391 4243 est,
413 4174 516 4237 tellure
535 4177 625 4237 solem
638 4177 750 4235 inter&
766 4179 868 4244 Jotem
882 4196 930 4252 po·
982 4173 1016 4233 sat
1037 4190 1135 4252 prater
1149 4171 1323 4232 suceeffivatn
1343 4175 1414 4233 lucis
1430 4175 1665 4262 propagationem

243 4250 313 4319 stra,
334 4253 555 4320 matrimomo,
588 4253 648 4312 sole
675 4250 751 4311 inter
774 4255 876 4320 Jovern
904 4257 930 4308 δι
982 4247 1204 4328 inequalitatem
1227 4246 1303 4306 illam
1317 4249 1470 4308 satellitum
1485 4253 1666 4313 tribuendam

244 4327 378 4387 tellurem
392 4331 500 4395 locato,
520 4347 605 4405 atque
618 4327 716 4386 harum
737 4324 930 4385 distantiarum
982 4327 1035 4384 effe
1054 4323 1206 4384 contendit
1225 4323 1335 4383 clariis.
1354 4325 1495 4383 Maraldus
1507 4325 1536 4383 in
1557 4346 1665 4387 comm.
1760 4320 1763 4336 ’

244 4399 403 4464 differentia
422 4404 499 4464 orbis
516 4404 610 4482 magni
628 4403 791 4468 diametrot
810 4400 857 4460 seu
880 4401 932 4458 du·
981 4401 1067 4460 Paris.
1090 4419 1171 4467 1707.
1185 4400 1262 4476 quod
1281 4399 1366 4458 eriam
1379 4399 1435 4476 jam
1456 4417 1539 4484 antea
1559 4405 1667 4481 Magno

242 4478 297 4564 1³¹?
317 4477 451 4539 distantia
474 4479 541 4538 solis
560 4483 579 4538 a
597 4480 671 4540 terri
683 4475 797 4554 aequalis
811 4477 860 4536 est.
902 4475 930 4534 si
984 4477 1098 4535 Caffino
1113 4474 1198 4532 visum
1216 4473 1319 4534 fuerat.
1333 4479 1384 4534 Sed
1397 4474 1566 4534 elanffirnut
1578 4479 1667 4536 Gran·

240 4571 334 4688 parur
349 4553 420 4612 lucis
442 4554 610 4634 propagatio
624 4555 798 4615 instantanea
810 4573 868 4611 non
881 4551 930 4620 est,
984 4551 1049 4630 jean
1069 4551 1129 4628 ejus
1146 4550 1318 4699 arppmenrir
1340 4551 1493 4629 respondet
1511 4551 1540 4610 in
1557 4572 1665 4616 comm.
1731 4568 1735 4574 ’

254 4647 270 4696 9

1203 4645 1284 4696 orum
1302 4625 1509 4692 dissertationes
1526 4627 1636 4704 tidefiu

273 4626 932 4715 dsueeeffiva›&1³et0¹bi⁸m³ss⁰idi³m⁰²
983 4626 1168 4706 ΜΨ*
1261 4703 1367 4782 yyy
1405 4723 1421 4762 ι
