4586 5658
474 483 810 566 Putarem-ra
871 479 1359 566 Mar-urrunnun.
1575 467 1622 589 53

214 631 413 724 astendere
442 629 626 719 debuisset
649 642 687 716 in
711 661 844 716 vacuo.
909 636 1001 714 Hoc
1024 637 1136 744 pado
1165 641 1325 742 experiri
1358 635 1451 722 licet
1481 645 1626 736 omnia,
1654 629 1815 772 {4²⁰3

213 753 371 870 perinde
401 753 493 835 acsr
521 760 558 834 in
586 765 709 840 vamo
735 757 927 836 constituti
957 747 1124 836 essemus.
1196 746 1377 834 Tandem
1408 751 1632 842 ducendum
1698 724 1747 782 Ν
1788 725 1816 778 a„

213 883 286 958 crit
310 901 447 981 corpus
478 869 520 948 A
549 882 615 972 (ut
642 881 694 958 ita
722 867 875 965 dicatu)¹
910 880 948 954 in
971 864 1158 960 chordam
1184 871 1291 952 arctis
1316 867 1424 967 TA,
1459 903 1628 983 quaeve.

211 995 412 1074 locitatem
445 995 523 1096 ejus
548 989 728 1087 exhibet,
761 1013 803 1070 ut
827 990 1009 1073 habeatur
1034 1013 1161 1074 motus
1188 993 1266 1094 ejus
1295 996 1334 1069 in
1359 993 1454 1072 loco
1475 991 1519 1070 A
1544 1025 1634 1106 pro.

212 1111 316 1194 xime
347 1132 436 1196 ante
463 1109 735 1196 reflexionem
766 1104 908 1196 deinde
932 1115 972 1189 in
997 1101 1185 1194 chordam
1211 1135 1319 1190 arcus
1347 1109 1370 1185 τ’
1392 1107 1459 1208 A,
1491 1134 1534 1193 ut
1561 1115 1628 1196 ha.

212 1229 346 1312 beatur
386 1254 513 1312 morus
546 1231 624 1332 ejus
654 1235 691 1308 in
719 1231 809 1309 loco
845 1223 889 1302 A
926 1234 1100 1336 proxime
1137 1229 1219 1334 post
1257 1225 1518 1310 reflexionem.
1580 1235 1628 1316 Et

213 1349 263 1430 fic
296 1374 433 1455 corpus
460 1343 492 1424 B
518 1339 741 1428 ducendum
771 1351 845 1434 crit.
868 1353 906 1426 in
936 1338 1123 1426 chordam
1154 1343 1262 1426 arctis
1285 1342 1316 1422 B
1343 1343 1386 1442 s,
1421 1371 1463 1428 ut
1492 1347 1631 1432 habea·

212 1490 274 1548 tur
307 1487 434 1548 motus
464 1465 740 1573 ejus'proxime
773 1465 854 1572 post
884 1463 1145 1544 reflexionem.
1202 1465 1250 1550 Et
1280 1464 1391 1545 fimili
1422 1463 1635 1568 methodo,

213 1585 277 1670 ubi
308 1577 570 1692 corporaduo
600 1581 709 1666 srmul
737 1577 994 1664 demittuntur
1020 1575 1069 1660 dc
1097 1581 1192 1661 locis
1218 1575 1397 1676 diverfis,
1427 1590 1629 1668 invenien.

214 1699 251 1786 di
268 1704 363 1784 'sunt
390 1722 518 1781 rnotus
545 1699 735 1809 utriusque
764 1724 844 1806 tam
869 1723 984 1794 ante,
1022 1725 1139 1808 quam
1165 1703 1247 1808 post
1278 1701 1555 1793 reflexionem
1586 1717 1628 1798 isc

212 1845 297 1912 turn
326 1815 483 1908 demum
522 1813 746 1902 conferendi
775 1819 859 1900 sunt
893 1841 1029 1900 motus.
1056 1823 1154 1900 inter
1186 1815 1222 1898 se
1259 1829 1299 1901 δι
1336 1815 1543 1932 colligendi
1576 1821 1635 1903 es..
1705 1841 1711 1860 ·

212 1937 334 2024 fectus!
363 1937 592 2022 reflexionis.
664 1941 757 2019 Hoc
787 1932 909 2018 modo
938 1945 976 2020 in
1004 1929 1177 2044 pendulis
1207 1930 1349 2044 pedum
1381 1931 1520 2022 decem
1546 1969 1631 2024 tem

212 2053 426 2152 tentando,
464 2043 579 2164 idque
610 2063 649 2136 in
678 2056 900 2164 corporibus
937 2078 1017 2140 tam
1044 2052 1289 2163 inaequalibus
1322 2083 1440 2164 quam
1479 2063 1638 2172 aqualia

212 2175 309 2269 bus,
353 2187 393 2256 δι
430 2167 607 2258 faciendo
639 2196 681 2258 ut
715 2200 876 2281 corpora
911 2167 961 2254 de
1000 2173 1205 2256 intervallis
1237 2176 1503 2274 amplishmis,¹
1539 2182 1631 2288 puri
1711 2159 1721 2180 s

209 2285 357 2402 pedum
384 2292 473 2371 odo
501 2293 561 2369 vel
587 2285 796 2370 duodecim
826 2292 891 2369 vel
914 2284 1132 2384 sexdecim,
1175 2315 1476 2381 concurrerents
1507 2303 1635 2403 reperi·

207 2409 360 2518 semper
388 2407 465 2488 srne
500 2435 628 2488 errore
656 2414 772 2486 trium
809 2401 1019 2513 digitorum
1049 2414 1088 2487 in
1117 2407 1327 2506 mensuris,
1371 2410 1437 2492 ubi
1467 2438 1639 2522 corpora,

210 2527 279 2610 fibi
317 2548 453 2606 mutuo
483 2517 625 2606 direde
658 2523 939 2620 occurrebant,
985 2527 1147 2634 aequales
1176 2520 1248 2607 csse
1285 2538 1517 2610 mutationes
1544 2557 1633 2612 mo-

213 2671 322 2730 tuum
352 2641 577 2752 corporibus
607 2649 649 2724 in
683 2666 806 2752 partes
832 2649 1039 2726 contrarias
1069 2644 1208 2739 illatae,
1248 2667 1363 2754 atquc
1395 2643 1485 2729 ideo
1512 2652 1639 2732 adio-1

213 2793 304 2848 nem
329 2775 368 2854 ἃ
395 2765 632 2844 readionem
655 2761 800 2870 semper
826 2755 900 2852 esse
925 2765 1099 2871 aequales.
1161 2762 1223 2845 Ut
1247 2765 1273 2843 fi
1299 2790 1436 2875 corpus
1463 2763 1506 2844 A
1534 2773 1632 2860 inci.

213 2879 330 2971 debat
364 2888 404 2967 in
427 2907 564 2990 corpus
590 2878 622 2958 Β
651 2879 844 2990 quiescens
881 2909 970 2962 curn
1003 2907 1148 2968 novem
1184 2879 1360 2990 partibus
1385 2885 1547 2982 mortis,
1589 2897 1633 2974 bc

213 3001 350 3090 amiffis
372 2999 514 3110 septem
543 2997 709 3107 partibus
740 2997 924 3108 pergebat
952 3002 1033 3108 post
1061 2997 1310 3090 reflexionem
1340 3029 1430 3088 cum
1459 2997 1636 3096 duabun,

213 3147 351 3229 corpus
382 3117 413 3197 B
440 3117 623 3200 resiliebat
652 3145 742 3198 cum
774 3117 940 3227 partibus
973 3121 1047 3209 istis
1073 3113 1228 3226 septem.
1287 3117 1331 3201 Si
1360 3149 1524 3232 corpora
1559 3122 1630 3204 ob.

213 3247 317 3322 viam
349 3239 474 3334 ibant,
511 3236 552 3314 A
575 3263 665 3317 cum
690 3231 899 3318 duodecim
925 3235 1097 3344 partibus
1118 3245 1159 3318 δι
1188 3235 1219 3315 Β
1247 3263 1338 3318 cum
1360 3239 1445 3334 sex,
1472 3253 1512 3322 δι
1530 3234 1639 3324 redi.¹

214 3355 281 3439 bat
309 3351 353 3432 A
376 3385 465 3439 curn
491 3352 657 3442 duabus3
688 3349 838 3439 tedrbat
860 3352 892 3432 Β
913 3355 1139 3448 comodo,
1171 3353 1268 3436 frua
1287 3350 1524 3440 detractione
1548 3387 1631 3469 par..

214 3485 312 3558 tium
339 3468 634 3584 quatuordecim
661 3479 856 3578 utrinque,
924 3474 988 3554 Dc
1016 3491 1127 3554 motu
1158 3472 1269 3580 ipsrus
1303 3470 1346 3551 A
1371 3471 1630 3574 subducantur

214 3619 339 3706 partes
367 3587 575 3676 duodecim
607 3603 648 3675 δι
672 3589 823 3674 restabit
848 3589 962 3672 nihil:
994 3583 1248 3674 subducantur
1278 3595 1359 3676 aliae
1385 3618 1508 3704 partes
1530 3590 1630 3694 duae,

214 3726 255 3797 δι
282 3712 352 3792 fiet
384 3736 512 3804 motus
543 3706 706 3792 duarum
739 3717 907 3822 partium
943 3716 983 3789 in
1019 3711 1169 3818 plagam
1205 3718 1469 3794 contrariam-:-
1511 3724 1551 3801 δι
1580 3717 1639 3796 fic·

215 3826 264 3916 de
288 3854 404 3910 motu
438 3837 608 3942 corporis
646 3827 679 3907 Β
712 3835 875 3938 partium
910 3825 972 3908 sex
1005 3821 1252 3910 subducendo
1287 3853 1411 3939 partes
1450 3853 1637 3940 quatuor..

217 3947 374 4043 decim,
407 3949 504 4030 hent-
525 3970 646 4057 patres
668 3951 758 4028 osio
786 3953 824 4026 in
854 3949 1003 4056 phgam
1035 3952 1278 4028 contrariam.
1342 3943 1465 4053 Quod
1493 3950 1519 4028 sr
1546 3976 1663 4036 conr

217 4095 307 4180 pora
338 4064 446 4148 ibant
471 4061 521 4148 ad
548 4060 711 4154 eandem
736 4065 910 4175 plagam,
951 4061 1002 4141 A
1023 4067 1192 4146 v'elocrus
1218 4092 1308 4146 curu
1337 4065 1506 4178 partrbus
1539 4099 1632 4176 qua.

217 4179 454 4282 tuordecim‚
485 4195 526 4267 δι
556 4181 588 4261 Β
615 4181 756 4279 tardius
785 4209 874 4266 cum
910 4180 1078 4291 partibus
1108 4190 1307 4294 quinque,
1344 4187 1490 4294 &post
1523 4187 1633 4268 refle-

216 4314 375 4390 xionem
404 4301 588 4415 pergebat
617 4300 662 4381 A
699 4329 788 4386 cum
812 4311 988 4412 quinquo
1022 4300 1213 4411 partibus3
1262 4300 1444 4412 pergebat
1475 4301 1507 4382 Β
1537 4332 1634 4400 cum¹

220 4417 541 4533 quatuordecim,
578 4420 676 4507 faeta
705 4419 946 4504 transsatione
972 4425 1135 4532 partium
1171 4449 1314 4504 novem
1347 4416 1397 4512 de
1438 4415 1550 4504 Ain
1583 4421 1629 4511 B.

222 4543 268 4625 Et
295 4545 345 4625 fic
379 4549 419 4623 in
447 4545 614 4652 reliquis.
692 4543 730 4624 A
758 4531 954 4650 congressu
983 4551 1025 4622 δι
1056 4541 1250 4620 collisione
1289 4565 1496 4648 corporum
1533 4571 1633 4626 num.

226 4687 337 4784 quem
358 4657 578 4760 mutabatur
599 4668 788 4784 quantitas
814 4679 974 4868 motus&
990 4687 1075 4770 qua
1103 4687 1155 4754 err
1174 4654 1320 4750 summi
1335 4683 1516 4758 motuum
1534 4687 1631 4889 epp

930 4875 932 4880 ,
1034 4805 1055 4888 r
1596 4809 1632 4864 n
