4502 5662
751 341 1241 442 PRAEFATIO
1457 384 1465 453 j
1625 371 1745 442 xxv

248 495 432 608 obicitis),
462 501 598 612 siquis
625 491 766 583 dixerit
795 497 949 584 eosdem
977 527 1195 617 motueper
1222 510 1387 589 vortices
1411 507 1591 616 explicari
1617 505 1742 591 debe-
1823 525 1824 528 ’

248 648 315 717 re,
346 621 493 704 etiamst
518 615 560 702 id
591 623 673 702 fieri
702 612 803 730 polle
834 622 895 700 vel
925 623 1090 704 maxime
1116 619 1420 708 concesserimus.
1491 631 1585 710 Non
1612 648 1743 710 autem

243 734 523 824 concedimus:
569 759 766 844 nequeunt
801 743 905 821 enim
935 744 1002 827 illo
1046 746 1157 850 pasto
1187 744 1438 852 phaenomena
1468 773 1537 853 pet
1576 752 1741 826 vortices

242 859 453 968 explicati;
484 853 593 965 quod
620 854 668 936 ab
700 859 853 952 austore
881 862 1007 972 nostro
1032 855 1182 940 abunde
1206 855 1362 968 quidem
1386 873 1425 943 δι
1451 863 1655 946 clarillimis
1684 891 1771 962 ra,

242 972 413 1058 tionibus
439 980 652 1079 evincitur3
695 997 738 1057 ut
770 974 911 1056 somnis
937 975 1021 1086 plirs
1050 979 1161 1086 aequo
1190 973 1411 1086 indulgeant
1436 1001 1642 1089 oporteat,
1675 985 1743 1089 qut

241 1093 474 1204 ineptissimo
494 1097 684 1205 figmento
707 1087 964 1190 resarciendo,
995 1094 1180 1206 novisque
1200 1097 1316 1205 porri>
1342 1105 1572 1180 commentis
1596 1125 1740 1182 ornan·

239 1205 297 1290 do
328 1210 521 1294 infelicem
546 1237 703 1321 operam
731 1204 927 1294 addicunt.
1421 1215 1423 1218 ’
1579 1278 1583 1289 .
1858 1207 1862 1215 ’

302 1331 343 1410 Si
374 1356 536 1439 corpora
572 1332 807 1437 planetarum
840 1341 1153 1410 &cometarum
1187 1333 1290 1410 circa
1318 1331 1438 1414 solem
1468 1325 1740 1412 deferantura

224 1445 483 1548 vorticibus,
525 1467 689 1555 oportet.
719 1445 881 1555 corpora
923 1443 1051 1526 delata
1091 1455 1133 1527 δι
1172 1454 1364 1530 vorticum
1403 1472 1527 1559 partes
1569 1448 1741 1557 proxime

229 1563 456 1651 ambientes
491 1559 628 1645 eadem
663 1566 869 1646 velocitate
896 1560 1110 1672 eademque
1138 1565 1265 1644 cursirs
1297 1561 1619 1676 determinatione
1654 1593 1740 1645 mo·

240 1690 351 1777 veri,
394 1693 436 1764 Bc
468 1676 631 1764 eandem
661 1681 802 1762 habere
838 1676 1064 1764 densitatem
1092 1683 1152 1760 vel
1190 1678 1353 1764 eandem
1386 1673 1461 1765 vim
1493 1690 1636 1764 inertia:
1669 1711 1739 1789 pro

240 1803 348 1881 mole
378 1807 560 1882 materiae.
627 1801 789 1883 Constat
815 1801 908 1880 vero
943 1801 1111 1909 planetas
1144 1809 1185 1880 &
1213 1824 1415 1898 cometas,
1462 1797 1555 1882 ditm
1590 1797 1739 1880 versur-

239 1936 303 1998 tut
333 1923 373 1997 in
411 1913 545 1998 iisdem
588 1917 807 2027 regionibus
841 1920 1065 2013 coelorum,
1112 1918 1378 1999 velocitatibus
1414 1927 1524 2000 variis
1561 1920 1739 2024 variique

238 2033 371 2116 cursirs
402 2031 724 2120 determinatione
749 2031 913 2114 moveri.
973 2028 1194 2118 Necellario
1221 2041 1349 2142 itaque
1382 2035 1571 2145 sequitur,
1594 2057 1637 2114 ut
1659 2036 1740 2113 flui-

238 2147 282 2232 di
310 2156 471 2233 coelestis
503 2177 624 2262 partes
660 2155 763 2248 illae,
795 2150 990 2262 quaesunt
1022 2148 1069 2231 ad
1099 2145 1247 2230 easdem
1278 2147 1468 2233 distantias
1497 2153 1517 2232 a
1545 2153 1647 2247 sole,
1679 2179 1740 2231 re·

180 2275 196 2300 '
239 2271 447 2350 volvantur
477 2265 620 2352 eodem
647 2292 820 2378 ternpore
848 2277 888 2350 in
927 2271 1053 2376 plagas
1092 2265 1252 2346 diversas
1282 2296 1371 2349 cum
1413 2263 1569 2350 divctfis
1597 2272 1739 2350 veloci·

238 2383 406 2469 tatibus:
451 2389 694 2470 etenimalii
727 2412 822 2493 opus
851 2389 924 2465 erit
953 2381 1164 2466 directione
1194 2393 1235 2465 δι
1266 2388 1500 2480 velocitate,
1537 2407 1580 2466 ut
1608 2387 1739 2469 transr-

238 2531 281 2584 rc
309 2493 447 2610 possint
472 2506 658 2613 planetas
689 2503 786 2600 alia,
828 2526 870 2585 ut
897 2501 1050 2582 transire
1080 2499 1218 2610 polsmt
1248 2515 1423 2587 cometa.
1497 2497 1625 2610 Quod·
1644 2504 1737 2585 cirtn

236 2623 420 2728 explic-ari
465 2644 660 2732 nequeatr
701 2625 761 2703 vel
797 2613 997 2703 fatendum
1036 2627 1130 2713 erit,
1174 2621 1346 2702 universa
1380 2648 1542 2730 corpora
1570 2623 1737 2702 coelcstra

240 2766 322 2819 non
347 2733 485 2819 deferri
516 2741 538 2820 a
567 2747 725 2821 materia
752 2745 930 2824 vorticisr
965 2737 1025 2818 vel
1053 2730 1263 2818 dicendum
1287 2747 1385 2836 erit,
1417 2731 1628 2820 eorundem
1655 2767 1738 2818 mo-

240 2877 301 2938 tus
329 2852 556 2966 repetendos
586 2851 658 2937 elle
685 2885 764 2936 non
795 2859 843 2938 ab
873 2881 951 2936 uno
978 2847 1196 2963 eodemque
1220 2863 1396 2953 vortice,
1435 2852 1499 2936 sed
1522 2858 1543 2936 *a
1568 2855 1736 2966 pluribus

239 2981 319 3082 qui,
338 2973 386 3052 ab
424 2982 592 3056 invicem
622 2967 757 3056 diverfi
790 2976 887 3069 srnt,
934 2968 1118 3084 idemque
1156 2970 1315 3081 spatium
1345 2974 1412 3057 soli
1446 2977 1736 3073 circumsedum

240 3085 462 3200 pervadant.
1151 3131 1152 3136 Ν

299 3213 336 3290 Si
362 3209 488 3318 plures
514 3215 677 3290 vortices
703 3218 744 3292 in
771 3203 912 3290 eodem
940 3206 1058 3317 spatio
1091 3212 1311 3303 contineri,
1353 3219 1393 3290 δι
1411 3207 1483 3290 sese
1509 3207 1644 3292 mutuo
1667 3237 1735 3316 pe-

239 3346 391 3406 netrate
423 3326 666 3434 motibusque
698 3325 850 3410 diversis
889 3329 1035 3408 revolvi
1069 3351 1287 3438 ponantur;
1319 3337 1502 3434 quoniam
1534 3328 1572 3407 hi
1605 3349 1740 3407 motus·

239 3437 385 3526 debent
411 3437 483 3524 else
508 3443 728 3527 conformes
751 3443 966 3526 delatorum
993 3471 1199 3550 corporum
1224 3447 1411 3539 motibus,
1446 3445 1614 3554 quisunt
1641 3443 1738 3524 sum·

240 3559 305 3642 me
327 3566 538 3669 regulares,
571 3575 612 3645 δι
634 3587 865 3687 peraguntur
884 3570 922 3641 in
943 3561 1167 3643 sessionibus
1193 3569 1335 3641 conicis
1355 3591 1456 3643 nunc
1473 3560 1583 3642 valde
1603 3589 1738 3642 eccen-

239 3684 371 3772 tricls,
411 3709 514 3760 nunc
550 3677 598 3759 ad
635 3687 867 3763 circulorum
907 3680 1082 3786 proxime
1117 3677 1282 3758 sormam
1319 3676 1618 3766 accedentibus3
1659 3682 1738 3774 jure

238 3791 489 3902 quaerendum
512 3804 610 3892 erit,
642 3808 708 3909 qui
727 3802 809 3880 fieri
831 3797 966 3906 polsrt,
999 3821 1041 3878 ut
1069 3791 1185 3878 iidem
1213 3799 1646 3905 integriconserventur
1665 3823 1738 3878 nec

238 3911 290 3994 ab
318 3913 539 3995 aeronibus
558 3924 725 3998 materia:
758 3916 988 3997 occursantis
1012 3943 1078 4024 per
1101 3937 1163 3994 tot
1190 3915 1319 3996 saccula
1349 3923 1557 4025 quicquam
1587 3939 1739 4024 pertur-

240 4027 390 4113 bentur.
453 4031 550 4114 Sane
577 4037 604 4115 sr
630 4058 759 4116 motus
784 4033 823 4114 hi
844 4034 965 4114 fislitii
995 4031 1079 4114 sunt
1110 4040 1231 4142 magis
1254 4035 1454 4141 compositi
1479 4045 1518 4115 ὅ(
1545 4030 1737 4114 difficilius

239 4151 505 4258 explicantur,
537 4179 655 4261 quarn
687 4159 766 4234 veri
785 4153 838 4232 illi
854 4175 982 4230 motus
1001 4154 1238 4260 planetarum
1264 4161 1303 4231 δι
1324 4175 1575 4257 comptarum,
1609 4150 1738 4232 frustra

237 4265 334 4347 milri
362 4263 540 4352 videntur
564 4277 603 4351 in
622 4267 897 4378 philosophiam
926 4277 1068 4377 recipi:
1104 4278 1232 4348 omnis
1263 4277 1369 4350 enim
1394 4260 1500 4352 causa
1523 4266 1638 4350 debet
1666 4263 1738 4350 elle

240 4377 377 4466 effectu
396 4386 462 4467 suo
487 4389 705 4498 fimplicior.
765 4381 951 4471 Concessa
975 4385 1187 4468 fabularum
1210 4390 1376 4484 licentia,
1407 4389 1651 4470 affirmaverit
1674 4387 1738 4466 ali.

241 4506 323 4606 quis
351 4507 517 4612 planetas
551 4535 686 4590 omnes
714 4517 947 4590 &cometas
976 4513 1229 4613 circumcingi
1259 4505 1526 4616 atmosplraeris,
1559 4501 1607 4586 ad
1630 4507 1743 4585 instar

236 4619 379 4702 telluris
409 4629 572 4717 nolitaes
614 4654 698 4740 quae
727 4619 887 4736 quidem
925 4621 1310 4806 hypoghgsrsssrationi
1343 4634 1464 4737 magis
1494 4626 1746 4821 const-ntegra

968 4824 1028 4840 ,.,
1353 4777 1356 4782 “
1636 4770 1673 4822 vr
1705 4772 1742 4824 e.
