4502 5662
435 485 599 546 Dantur·—

434 571 599 632 ιιοιιι..

626 369 672 430 ιο
768 333 769 336 ¹
885 334 1730 430 ¹Parnason-urar:Naronnarr

882 491 1731 660 u=1tarurrrosv11nt³t

618 749 689 837 Vas
718 750 923 866 centripeto
951 747 1160 950 {quaritur
1201 752 1349 834 Matrix
1375 751 1424 866 est
1453 753 1755 867 ipsaurrmenfirra
1784 745 2042 870 proportionata

904 867 949 950 sis
1028 875 1132 970 omi,
1158 898 1265 982 quem
1294 869 1388 954 dato.
1409 897 1567 988 tempore*
1584 893 1748 984 generat.
1779 905 1782 914 ·

1958 959 1979 990 t

676 1063 930 1153 Uti-Pondus
960 1069 1081 1172 majus
1113 1071 1153 1150 in
1182 1069 1328 1170 majore
1358 1096 1542 1179 corpore,
1573 1075 1702 1151 minus⁸
1724 1073 1765 1150 in
1788 1073 1957 1156 minore3
1988 1077 2039 1150 &¹

618 1194 659 1268 in
688 1209 852 1292 corpore
880 1177 1023 1267 eodem
1054 1187 1174 1290 majus
1201 1211 1320 1294 prope
1346 1209 1506 1282 terram,
1535 1193 1726 1271 minucio
1752 1187 1871 1270 coelis.
1933 1187 2032 1266 Haec

621 1303 827 1408 Quantitas
868 1303 920 1382 est
959 1308 1127 1414 corporis
1170 1309 1285 1384 totins
1326 1311 1615 1412 centripetentia
1652 1301 1715 1386 seu
1754 1303 1953 1414 propenfio
1987 1309 2031 1384 in

619 1437 824 1512 centrum,
856 1429 897 1502 &
932 1426 993 1515 (ur
1023 1426 1075 1502 ita
1097 1414 1250 1512 dicam)
1282 1415 1436 1502 Pondus
1449 1450 1468 1507 ς,
1489 1433 1532 1504 δι
1559 1417 1766 1504 innotescit
1791 1421 1935 1530 semper
1964 1447 2032 1530 per

623 1540 706 1616 vim
736 1534 801 1646 ipfi
837 1543 1135 1646 contrariam&
1157 1539 1363 1646 aequalem,
1395 1539 1472 1648 quai
1493 1531 1688 1642 descensus
1714 1546 1884 1649 corporis
1911 1544 2043 1646 impe...

625 1645 697 1734 diri
732 1655 864 1764 potest.
1565 1715 1567 1718 .
1644 1717 1646 1721 a

683 1767 808 1850 Hasce
835 1773 973 1869 uirium
1008 1781 1237 1880 quantitates
1267 1771 1461 1858 brevitatis
1485 1780 1612 1887 gratia
1634 1780 1834 1858 nominare
1857 1775 1953 1854 licet
1977 1777 2040 1852 vi-

625 1914 684 1970 res
708 1893 917 1984 morrices,
948 1892 1253 1986 accelerarrices‚
1292 1901 1334 1974 oc
1363 1891 1569 1978 absolutor
1607 1905 1648 1977 oc
1675 1888 1920 1973 distinctionis
1951 1913 2037 1998 gra--

626 2013 681 2088 ria
709 2001 847 2084 referre
880 1998 929 2084 ad
958 2006 1155 2114 Corpora,
1198 2029 1373 2089 centrum
1401 2017 1598 2117 petentia,
1645 2005 1695 2091 ad
1722 2033 1927 2115 corporum
1958 2009 2039 2086 Lo·

628 2149 701 2216 ca,
732 2131 785 2214 δι
812 2115 862 2201 ad
887 2121 1075 2206 Centrum
1102 2131 1268 2206 vitium:
1307 2132 1488 2209 nimirum
1513 2135 1594 2208 vim
1622 2133 1828 2209 morriccm
1861 2117 1910 2204 ad
1937 2124 2046 2204 cor..

627 2265 726 2348 pus,
770 2257 953 2346 tanquam
988 2249 1172 2321 conatum
1208 2238 1392 2325 totiur²in
1429 2264 1604 2324 centrum
1636 2273 1684 2326 ex
1723 2239 1921 2322 conatibus
1951 2265 2043 2320 om..

626 2359 738 2463 nium
765 2361 931 2464 partium
960 2358 1243 2466 compostumt
1285 2371 1326 2441 &
1341 2368 1436 2442 'vim
1463 2363 1767 2443 acceleratricem
1807 2351 1866 2437 ad,
1884 2359 2035 2441 Locum

629 2478 833 2580 corporis,
877 2495 1059 2584 tanquam
1093 2475 1305 2556 efficaciam
1344 2471 1560 2586 quandam,
1602 2471 1652 2559 de
1683 2498 1817 2560 centro
1848 2502 1914 2584 per
1950 2477 2037 2556 loca

630 2587 771 2696 singula
800 2596 839 2670 in
868 2595 1029 2682 circuitu
1063 2583 1259 2688 diffusam,
1290 2586 1345 2674 ad'
1372 2589 1565 2676 movenda
1587 2621 1749 2706 corpora
1778 2621 1862 2702 quae
1889 2598 1928 2672 in
1953 2591 2037 2699 ipsas

430 2715 433 2724 “
553 2741 556 2746 ·
625 2703 735 2794 sarnt5
765 2713 847 2790 vim
877 2730 1006 2790 autern
1031 2703 1240 2794 absolutam
1278 2705 1332 2793 ad.
1358 2715 1572 2812 Centrum,
1615 2727 1804 2826 tanquam
1831 2709 1938 2790 causa
1965 2711 2039 2790 ali·

571 3011 574 3016 ¹
631 3050 797 3114 computum
816 3031 912 3094 venire
930 3035 1025 3098 debet.
1066 3039 1135 3098 Haec
1155 3037 1317 3098 autemviss-
1359 3037 1607 3124 ragennam),
1626 3035 1749 3118 argovia
1766 3038 1930 3118 centri'perae

1960 2855 2046 2938 qua⁴

1969 3056 2052 3096 uana.

626 3110 702 3172 rium
718 3113 764 3170 seu
778 3109 948 3246 qualitatum
968 3113 984 3170 ὲ
1007 3132 1108 3174 centro
1120 3114 1310 3180 emanantium
1360 3130 1427 3171 tuas
1445 3117 1550 3176 morrix
1569 3117 1609 3176 est
1629 3133 1659 3174 ut
1679 3113 1761 3174 massa
1782 3113 1910 3175 inillam
1930 3057 2037 3173 caieri-

526 3239 528 3244 .
626 3185 779 3247 theoriaa
815 3184 953 3264 majorem
975 3185 1212 3250 universalitatem
1228 3189 1310 3247 redu-
1360 3205 1449 3246 ratem
1471 3191 1569 3260 duria,
1589 3193 1636 3252 seu
1654 3206 1686 3249 ur
1701 3190 1842 3266 quantitas
1858 3187 1968 3256 monis,
1989 3187 2047 3248 da*

629 3261 657 3322 ci
673 3261 785 3341 potest,
804 3261 876 3322 siris
892 3261 921 3320 in
937 3261 1048 3343 fingulis
1062 3262 1147 3325 radiis
1159 3263 1234 3323 varie
1245 3282 1310 3343 pro·
1361 3280 1393 3322 ro
1413 3280 1543 3346 tempore
1564 3266 1707 3346 producta.
1747 3265 1775 3322 Si
1791 3266 1877 3346 igitur
1899 3263 1939 3324 vis
1958 3282 2040 3323 acce·

629 3339 725 3416 pagati
743 3335 761 3394 s
812 3357 934 3406 enatat,
953 3359 1001 3400 aut
1018 3337 1137 3400 etiamsi
1156 3359 1205 3418 per
1220 3339 1310 3398 lineas
1360 3339 1477 3398 leratrix
1492 3342 1622 3412 dicatur,
1649 3341 1694 3410 G,
1714 3341 1815 3408 massa,
1843 3345 1889 3402 M,
1908 3338 1948 3398 vis
1972 3339 2047 3414 mof-

628 3432 727 3473 curvas
751 3359 868 3473 mandi
887 3415 1016 3494 fingatur.
1062 3416 1118 3474 Sed
1144 3414 1204 3475 hare
1229 3413 1311 3475 fufius
1361 3413 1427 3483 trix,
1446 3436 1480 3494 p,
1501 3419 1555 3479 erit
1573 3440 1608 3498 p,
1627 3433 1673 3481 ut,
1695 3417 1777 3481 ΜΘ,
1797 3420 1887 3484 sris,
1907 3429 1981 3492 ur'p:
2000 3413 2039 3482 G,

630 3485 763 3566 prosequi
783 3488 923 3567 praesenris
946 3513 1006 3552 non
1028 3492 1068 3550 est
1087 3488 1215 3551 instituti.
1361 3493 1389 3548 δι
1409 3491 1452 3558 G,
1472 3509 1503 3550 ur
1522 3515 1557 3585 p:
1578 3499 1626 3561 M,
1646 3490 1694 3551 seu
1710 3491 1794 3550 massa
1810 3491 1900 3552 estut
1918 3489 1960 3548 vis
1977 3509 2050 3548 mo¹¹

672 3565 748 3640 (i)
790 3584 832 3638 ις.
861 3565 890 3624 si
907 3566 949 3624 vis
966 3567 1128 3646 centripera
1143 3565 1172 3623 in
1189 3583 1311 3644 corpore
1361 3564 1417 3623 trin
1455 3585 1559 3630 erum
1578 3565 1810 3631 acceleratricem
1828 3565 1936 3633 divisa,
1957 3563 2040 3624 &vis

631 3636 666 3698 ad
685 3655 813 3699 centrum
831 3641 965 3719 propulso
983 3641 1197 3712 eonfiteretur,
1217 3658 1249 3700 ut
1266 3659 1313 3700 ro·
1361 3587 1568 3712 acceseratrix,
1588 3663 1620 3704 ut
1635 3641 1675 3704 vis
1688 3641 1792 3703 morrix
1807 3662 1856 3720 per
1873 3639 1984 3699 massam
1997 3639 2041 3697 ‹ti-

630 3729 674 3790 rus
697 3713 772 3774 iliius
791 3717 920 3794 corporis
934 3719 963 3776 in
985 3737 1115 3778 centrum
1130 3733 1248 3777 conatus
1265 3717 1312 3775 seu
1363 3715 1430 3776 visa
1470 3718 1498 3778 Si
1514 3715 2039 3792 duaefuerinrvirermorricesP&p,
2082 3751 2084 3758 ·

631 3787 672 3846 vir
689 3790 854 3870 centriperae
875 3792 1016 3869 quantitas
1034 3791 1140 3853 morrix
1159 3792 1312 3860 habeatur,
1362 3789 1410 3850 seu
1427 3795 1457 3850 M
1474 3795 1529 3866 G,
1551 3801 1576 3854 tir
1599 3815 1679 3873 mg,
1705 3813 1727 3853 π
1749 3795 1841 3856 uales,
1860 3791 1915 3852 erit
1934 3795 1982 3850 M:
2009 3810 2042 3848 ιιι

632 3863 760 3924 ducenda
779 3865 818 3925 est
837 3869 919 3928 massa
935 3867 965 3927 in
984 3869 1041 3928 vim
1059 3867 1322 3936 accelerarricem3.
1363 3883 1399 3924 =
1424 3887 1462 3956 gf
1483 3871 1530 3940 G,
1550 3870 1598 3930 seu
1618 3868 1706 3929 massae
1724 3813 1786 3929 siant
1809 3888 1839 3929 ut
1862 3867 1935 3928 vires
1953 3883 2041 3926 acce-

514 3969 520 3980 ‘
632 3959 697 3998 narn
714 3938 756 3997 via
774 3942 880 4001 morrix
897 3943 986 4004 totins
1010 3943 1139 4025 corporir
1157 3943 1309 4022 componi·
1361 3943 1680 4029 ieratncesreciproeq·
1697 3943 1888 4012 irritationi,
1907 3943 1989 4002 srM:
2009 3960 2042 4002 ιιι

631 4029 678 4073 tur
706 4033 740 4073 ex
769 4015 899 4089 omnibns
927 4017 1048 4084 viribus,
1081 4017 1183 4099 quibus
1208 4019 1312 4097 fingula
1364 4037 1399 4076 ε
1455 4041 1463 4077 :
1500 4023 1544 4086 G,
1570 4039 1626 4082 ern
1647 4041 1675 4082 ιιι
1704 4040 1721 4100 g
1749 4039 1784 4080 τ.
1819 4021 1908 4088 MG,
1942 4015 1989 4076 sen
2018 4015 2040 4076 st

632 4089 751 4166 aqualia
763 4093 906 4154 elementa
921 4112 1071 4174 urgentur,
1091 4094 1219 4172 adeoque
1236 4115 1270 4154 ex
1284 4093 1311 4152 vi
1362 4042 1450 4156 marie
1468 4097 1530 4156 sunt
1548 4093 1695 4176 reciproce
1719 4115 1751 4157 ut
1770 4097 1843 4156 vires
1859 4089 2042 4156 acceieratri-

633 4163 837 4226 acceleranice
864 4167 952 4228 toties
977 4169 1085 4247 sumptas
1107 4184 1181 4250 quot
1200 4169 1261 4228 sunt
1282 4167 1314 4226 in
1364 4181 1433 4236 ces',
1451 4171 1524 4231 vires
1545 4171 1680 4233 notrices
1699 4169 1760 4234 sunt
1780 4173 1909 4248 aequales.
1950 4167 2057 4228 Porro-

635 4257 758 4318 corpore
782 4242 901 4319 aqualia
928 4244 1055 4303 materia
1077 4247 1233 4309 elementa,
1258 4242 1312 4303 five
1364 4266 1428 4308 curn
1447 4247 1521 4307 vires
1541 4245 1758 4309 acceleratricer
1778 4247 1828 4307 fint
1852 4263 1883 4304 ur
1904 4242 2042 4304 celerita-

635 4331 671 4372 ea
688 4314 713 4372 vi
726 4317 927 4377 accelerarrice
939 4316 968 4378 in
987 4318 1097 4380 massam
1115 4319 1204 4380 ducii
1244 4323 1315 4398 Sup-
1366 4339 1409 4382 res
1427 4322 1495 4384 dato
1514 4319 1764 4410 temporqganirae
1780 4327 1795 4400 (
1810 4339 1841 4395 13
1854 4321 1890 4404 >3
1908 4319 1936 4407 in
1958 4319 2045 4396 supe«.

623 4386 765 4466 ‘ponimus
783 4391 859 4452 enim
885 4391 989 4472 singula
1010 4396 1154 4456 elementa
1173 4395 1291 4474 aequalia
1303 4435 1314 4465 ,
1364 4397 1496 4486 rioribus·
1511 4401 1742 4477 proportronrbus
1769 4400 1840 4458 loco
1866 4415 1965 4456 vntum
1989 4413 2042 4453 ac-

636 4463 736 4540 aequali
761 4465 796 4522 vi·
810 4467 1013 4530 accelerarrice
1037 4470 1141 4550 urgeri.
1192 4471 1245 4530 Sed
1274 4473 1313 4531 vir
1365 4474 1576 4540 celeramcium
1590 4469 1754 4536 celeritates
1768 4468 1964 4540 iilzsubstitui
1978 4465 2057 4554 pos·-

530 4603 532 4608 .
626 4535 826 4611 'acceleramu-
840 4543 879 4608 osi
904 4561 936 4607 ut
955 4545 1089 4623 §claritas
1109 4547 1179 4626 dato
1203 4563 1316 4633 tempos,
1363 4547 1450 4613 sunta
