4502 5662
464 467 810 572 Purucrrraf
841 473 1292 558 Marurrtnrrcnss
1500 489 1575 556 tt
1711 579 1714 586 ι
1762 543 1780 579 ,λ

171 640 256 730 qua
276 606 513 725 preditum,
560 612 637 692 sr'ne
667 612 742 721 quit
763 619 869 693 ¹uires
901 621 1088 695 motriees
1120 637 1201 699 nou
1228 606 1484 723 propagantur
1500 631 1583 721 pet
1611 613 1770 695 Demus

179 741 355 844 regiones
375 737 414 810 in
439 729 625 817 circuitur
655 731 733 810 five
753 727 866 811 ‚causa
895 733 959 811 iiia
987 730 1033 812 fit
1063 753 1199 838 corpus
1231 723 1388 838 aliquod
1417 725 1585 810 centrale
1609 706 1769 764 ΜΝ·

182 847 324 958 (quale
350 849 404 928 est
423 849 585 956 Magnes
607 854 647 928 in
675 853 810 928 eerrtro
834 855 890 928 vis
914 854 1161 956 magnerice,
1191 847 1253 926 vel
1284 845 1406 927 Terra
1431 853 1471 927 in
1498 863 1586 928 cen.¹

172 991 242 1072 ‘tro
273 971 329 1044 vis
359 968 608 1074 gravitantis)
637 964 713 1045 five
739 969 813 1044 alia
839 968 965 1072 aliqua
990 992 1074 1074 quae
1095 991 1175 1044 non
1202 984 1368 1071 apparet.
1434 963 1602 1047 Matho.
1658 1028 1662 1034 .

180 1089 340 1165 maticus
370 1077 554 1172 duntaxat
581 1083 632 1162 est
653 1081 716 1162 hic
743 1104 960 1190 conceptus.
1023 1081 1131 1162 Nam
1153 1083 1291 1161 virium
1318 1073 1443 1162 causas
1470 1091 1511 1164 δι
1527 1078 1590 1162 'se-

169 1195 249 1280 ¹des
276 1198 447 1302 Phyficas
471 1203 551 1303 jam
576 1224 656 1279 non
687 1192 873 1307 expendo.
1408 1269 1411 1272 .

241 1315 312 1416 Est·
333 1321 448 1426 igitur
477 1322 534 1394 vis
568 1315 813 1397 acceleratur
843 1305 892 1393 ad
918 1317 999 1393 vim
1032 1319 1239 1396 matricem
1271 1333 1314 1394 ut
1341 1317 1512 1396 celeritas
1541 1303 1593 1418 ad

182 1455 346 1516 motum.
407 1433 544 1516 Oritur
561 1441 666 1514 enirn
694 1437 882 1542 quantitas
903 1453 1036 1514 motus
1053 1459 1102 1512 ex
1122 1433 1320 1513 celeritate
1341 1441 1382 1512 δι
1407 1453 1455 1512 ex
1474 1457 1592 1542 quan·

175 1554 294 1633 <ritate
327 1555 514 1645 materia,
546 1559 587 1630 &
617 1558 672 1631 vis
704 1557 847 1632 morrix
876 1573 928 1630 ex
955 1556 993 1629 vi
1025 1545 1290 1630 acceleratrice
1319 1557 1361 1630 δι
1393 1573 1441 1628 ex
1473 1577 1594 1660 quan·
1707 1655 1710 1660 Ι

179 1673 295 1750 :ritate
320 1660 486 1772 ejusdem
516 1674 683 1749 materia
704 1667 949 1773 conjuneum.
1011 1667 1118 1750 Nam
1145 1662 1291 1748 summa
1318 1665 1514 1748 auronum
1537 1671 1593 1746 vis

185 1783 457 1866 acceleratrieis
493 1791 534 1866 in
562 1781 720 1894 singular
754 1792 928 1894 eorporis
957 1784 1156 1895 particuias
1191 1783 1247 1864 est
1274 1787 1330 1864 vis
1361 1784 1504 1865 motrix
1528 1799 1595 1864 to-

180 1907 272 1982 tius.
332 1897 456 1984 Unde
482 1905 588 2006 'Juxta
618 1899 854 2012 superficiem
881 1903 1037 1999 Tenae,
1066 1897 1132 1983 ubi
1158 1906 1320 2011 gravitas
1347 1904 1594 1982 acceleratrix

183 2015 250 2097 seit
281 2025 336 2098 vis
366 2025 554 2126 gravitans
586 2025 626 2099 in
665 2015 888 2130 corporibus
931 2015 1109 2099 univerfis
1147 2013 1283 2097 eadem
1320 2021 1401 2114 eii,
1431 2025 1594 2128 gravitas
1711 2005 1722 2020 ’
1779 2117 1781 2124 y

184 2140 332 2214 monix
361 2131 425 2215 seu
451 2129 602 2242 pondus
634 2137 685 2215 est
719 2156 762 2216 ut
791 2162 949 2242 corpus:
983 2135 1074 2217 atsi
1105 2141 1145 2215 in
1173 2143 1348 2244 regiones
1372 2129 1595 2216 ascendatur

49 2249 50 2252 ‘
185 2248 255 2330 ubi
293 2257 455 2358 gravitas
484 2252 730 2330 acceleranix
758 2253 802 2330 fit
838 2257 991 2344 minor,
1022 2246 1174 2357 pondu-s
1200 2255 1339 2356 pariter
1367 2257 1597 2346 «minuetur,

182 2369 339 2475 eritque
372 2363 516 2474 semper
550 2386 593 2446 ut
632 2391 769 2474 corpus
802 2377 843 2447 δι
875 2371 1038 2474 gravitas
1074 2365 1318 2447 acceieratrix
1348 2369 1602 2472 conjunetin

126 2475 129 2480 ¹
191 2487 253 2566 Sic
286 2487 325 2560 in
363 2481 584 2592 regionibus
618 2478 682 2561 ubi
720 2489 883 2590 gravitas
928 2482 1175 2562 acceleratrix
1207 2474 1326 2591 duplo
1356 2490 1484 2565 minor
1516 2485 1598 2580 est,¹

188 2592 341 2707 pondus
382 2606 553 2706 corporis
587 2593 706 2708 duplo
739 2601 801 2679 vel
837 2601 950 2707 triplo
985 2603 1145 2678 minoris
1169 2604 1260 2679 erit
1291 2587 1503 2709 quadruplo
1534 2595 1600 2684 vet

186 2715 361 2822 sextuplo
388 2723 525 2798 mitius.
740 2791 742 2796 .

250 2833 371 2913 Porro
404 2835 643 2915 attractiones
671 2841 712 2912 δι
731 2829 916 2940 impulsus
951 2826 1090 2913 eodem
1115 2827 1217 2913 sensu
1243 2835 1526 2915 acceleratrices
1555 2841 1597 2916 δι
1689 2899 1696 2914 .

184 2954 377 3030 morrices
413 2957 589 3032 nomino.
650 2951 778 3030 Voces
825 2971 952 3030 autem
997 2949 1268 3039 Attradionis,
1298 2947 1505 3060 impulsus,
1536 2947 1601 3030 voi

186 3066 458 3172 Propensrouis
495 3063 747 3174 cujuscunque
784 3071 823 3146 in
860 3089 1065 3163 centrum,
1089 3059 1356 3149 indifferenter·
1386 3078 1428 3151 δι
1457 3091 1527 3176 pro
1562 3063 1604 3146 se'

185 3181 332 3264 mutuo
370 3181 582 3292 promiscue
617 3181 777 3290 usurpot
819 3181 886 3262 has
919 3191 1016 3264 vires
1053 3211 1133 3266 non
1150 3181 1329 3288 ,Phyfice
1348 3181 1415 3265 sed
1446 3180 1600 3268 Mathe-

186 3299 336 3382 ‘matice
376 3301 527 3383 tantum
568 3293 853 3381 coufiderando.
915 3277 1038 3382 Unde
1071 3320 1218 3382 caveat
1257 3303 1402 3397 letter,
1438 3329 1489 3383 ne
1531 3327 1600 3410 per

194 3411 411 3520 hujusmodi
436 3445 551 3499 voces
577 3423 724 3524 cogitet
751 3444 814 3498 me
841 3415 1008 3524 speciem
1044 3421 1106 3498 vel
1125 3409 1298 3500 modum
1330 3413 1489 3500 actionis
1514 3445 1602 3506 cata,

185 3531 324 3615 *tamve
372 3556 439 3616 aut
478 3542 666 3616 rationem
710 3533 906 3636 Phyficam
952 3533 1090 3618 alicubi
1136 3530 1320 3629 definire,
1364 3537 1425 3616 vel
1460 3540 1604 3616 centris

195 3649 312 3759 (quae
342 3648 425 3734 sunt
455 3653 593 3763 punita
623 3651 925 3746 Mathematica)
960 3661 1058 3737 vires
1094 3649 1183 3734 vere
1213 3649 1435 3754 &Physicis
1464 3649 1605 3735 tribue·
1727 3733 1732 3740 ,

197 3791 266 3854 res
296 3765 448 3874 srfotte
476 3783 542 3852 aut
565 3789 696 3849 centra
721 3769 896 3865 trahere,
928 3791 993 3854 aut
1024 3776 1126 3854 vires
1153 3790 1373 3852 contuerunt
1401 3763 1472 3852 ess'e
1499 3761 1605 3849 dixe·

190 3909 258 3968 ro.

668 3981 673 3990 ¹
800 3997 994 4088 Scirtiana

257 4235 456 4318 Hadenus
483 4263 600 4320 voces
626 4245 755 4322 minus
792 4261 931 4334 notas,
963 4263 1042 4348 quo
1074 4235 1178 4320 senfir
1209 4245 1249 4320 in
1278 4235 1519 4346 sequentibus
1546 4264 1612 4328 ars-2

193 4349 388 4461 »cipieudae
406 4431 410 4448 ,
429 4356 524 4452 sint,
560 4359 746 4466 explicare
786 4355 906 4448 visum
947 4352 1008 4440 est.
1069 4357 1269 4466 Tempus,
1308 4359 1503 4464 Spatium,
1534 4357 1611 4436 Lo.

78 4557 84 4568 ,
201 4496 297 4550 eum
325 4485 365 4555 &
391 4475 576 4572 Motum,
608 4497 650 4554 ut
684 4475 861 4556 omnibus
880 4475 1103 4574 notissima,
1133 4501 1214 4556 non
1244 4465 1398 4554 definio.
1460 4473 1611 4575 Noton-f
1730 4533 1734 4543 .

197 4579 301 4670 vduur
326 4609 491 4690 tamen,
524 4588 631 4701 quod
661 4587 793 4702 uulgus
827 4599 1057 4702 quantitates
1089 4591 1199 4701 haste
1232 4617 1316 4700 uon
1355 4591 1471 4700 aliter
1491 4615 1608 4701 quam
1673 4633 1675 4637 ·

990 4711 1019 4788 B
1086 4739 1111 4795 2
1557 4731 1605 4784 ex
