4520 5736
477 563 578 660 υ
722 565 725 589 2
1032 533 1499 620 rnnrrours.

498 701 677 788 tempore
694 670 908 786 periodico,
938 674 1021 759 tiam
1037 672 1210 760 distantia
1222 679 1300 783 ejus
1318 704 1340 756 a
1358 696 1492 756 centro
1508 695 1627 757 terrae.
1682 675 1850 780 Spatium
1871 677 1995 784 post'e·

497 802 575 878 tius
599 801 791 876 invenitur
822 823 890 906 per
911 801 1171 906 experimenta
1194 789 1470 905 pendulorum‚
1502 784 1833 901 quemadmodum
1858 788 1993 877 docuit

499 913 710 1023 Hugeniut.
770 915 869 996 lnito
888 919 1018 1022 itaque
1045 915 1217 1007 calculo,
1245 912 1401 1021 spatium
1420 917 1521 1020 prius
1538 903 1586 987 ad
1608 905 1766 1016 spatium
1789 913 1989 1019 posterius,

499 1031 563 1115 seu
587 1039 641 1112 vis
666 1041 877 1140 centripeta
899 1033 995 1110 lunae
1012 1037 1057 1111 in·
1070 1029 1201 1112 orbita·
1224 1031 1292 1110 sua·
1304 1031 1533 1108 revolventis
1559 1020 1607 1105 ad
1632 1034 1709 1106 vim
1731 1035 1925 1136 grauitatis
1952 1037 1999 1111 in·

500 1149 698 1258 superficie
731 1172 859 1244 terrae,
891 1155 963 1229 erit
991 1169 1032 1229 ut
1068 1144 1294 1258 quadratum
1332 1141 1609 1228 semidiametri
1636 1166 1743 1226 terre
1777 1141 1825 1226 ad
1857 1146 2002 1230 orbitae·

502 1263 771 1350 semidiametri
799 1261 1048 1377 quadratuma
1100 1263 1270 1349 Eandem
1295 1263 1410 1346 habet
1434 1269 1644 1355 rationem,
1676 1289 1742 1370 per
1763 1291 1807 1342 ea
1830 1292 1913 1372 quae
1936 1262 1992 1346 su.

501 1387 627 1496 periris
650 1380 919 1478 ostenduntur,
946 1383 1007 1463 lis
1031 1393 1243 1496 centripeta
1265 1385 1366 1462 lunae
1387 1389 1425 1460 in
1447 1381 1571 1460 orbita
1596 1378 1657 1460 sua
1686 1385 1915 1462 revolventis
1942 1377 1999 1464 ad'

493 1512 584 1586 uim
606 1507 704 1585 lunae
736 1508 986 1610 centripetam
1011 1500 1128 1608 prope
1159 1523 1266 1584 terrae
1290 1499 1540 1607 superficiem.
1602 1501 1669 1578 Vis
1693 1504 1824 1606 iraque
1853 1508 1996 1580 centri.

501 1646 593 1734 peta
617 1619 737 1730 prope
756 1638 862 1702 terrae
889 1616 1125 1726 superficiem
1147 1623 1299 1728 aequalis
1325 1620 1379 1698 esi
1395 1624 1434 1696 vi
1454 1620 1654 1726 gravitatis.
1704 1618 1806 1698 Non·
1823 1643 1916 1726 ergo
1935 1614 2001 1699 di..

501 1738 617 1820 versae
640 1739 728 1820 sunt
743 1744 862 1830 vires,
894 1728 956 1815 sed
974 1765 1046 1817 una
1067 1759 1184 1846 atque
1206 1733 1362 1831 eadem;
1394 1735 1418 1814 sr
1443 1740 1546 1814 enim
1569 1726 1722 1813 diversa
1743 1729 1879 1830 essent,
1907 1763 2002 1816 cor·-

502 1881 598 1966 pora
625 1853 765 1936 uiribus
791 1855 1001 1957 conjunttrs
1029 1849 1147 1964 duplo
1177 1855 1337 1937 celerius
1363 1857 1402 1932 in
1430 1873 1569 1932 terram
1595 1845 1778 1932 caderent
1801 1855 1916 1961 quim
1943 1881 2000 1936 ex.

502 1980 550 2055 vi'
567 1973 642 2055 solai
667 1979 873 2083 gravitatis.
934 1973 1091 2054 Constat
1121 1979 1234 2081 igitur
1259 1978 1337 2052 vim
1364 1971 1466 2050 illam
1495 1975 1770 2078 centripetam,
1804 1974 1879 2076 qui
1903 1975 1997 2053 luna

500 2089 692 2204 perpetuo
720 2084 769 2169 de
792 2108 972 2200 tangente
997 2093 1057 2171 vel
1081 2091 1241 2172 trahitur
1267 2090 1327 2169 vel
1349 2089 1557 2196 impellitur
1580 2097 1620 2167 δι
1642 2093 1681 2168 in
1702 2085 1827 2166 orbita
1847 2098 1988 2173 retine·

500 2229 584 2305 tur,
609 2213 727 2318 ipsam
751 2200 823 2287 elle
843 2215 925 2289 vim
940 2213 1140 2316 gravitatis
1156 2209 1334 2289 terrestris
1352 2199 1401 2284 ad
1416 2199 1676 2311 lunamusque
1695 2211 1986 2315 pertingentem.

502 2327 552 2408 Et
577 2333 716 2408 rationi
743 2320 900 2433 quidem
920 2325 1218 2408 consentaneum
1238 2327 1289 2406 est
1309 2347 1350 2405 ut
1372 2316 1420 2402 ad
1438 2331 1610 2434 ingentes
1631 2316 1822 2403 distantias
1835 2327 1898 2406 illa
1915 2325 1998 2408 sese·

399 2519 401 2524 .
501 2449 621 2527 virtus
644 2437 844 2540 extendat,
877 2471 967 2524 curn
991 2449 1134 2526 nullam
1157 2448 1235 2548 ejus
1261 2441 1471 2523 sensibilem
1496 2447 1830 2534 imminutionem,
1862 2445 1924 2524 vel
1948 2451 1997 2528 iu·

503 2563 683 2644 altitsrmis
719 2567 913 2642 montium
945 2557 1236 2656 cacuminibus,
1267 2558 1472 2641 observare·
1491 2562 1594 2643 licet.
1655 2559 1834 2642 Gravitat
1860 2565 1997 2670 itaque

475 2673 477 2678 ’
501 2683 593 2762 luna
609 2689 825 2762 interram:
858 2683 950 2788 quin
970 2689 1011 2762 &
1028 2681 1347 2770 astronomum,
1376 2675 1651 2759 terra-vicissim
1669 2684 1707 2757 in
1721 2679 1993 2786 lunam-aequa-

502 2801 590 2880 liter
607 2804 790 2909 gravitat:
823 2790 862 2875 id
889 2791 996 2905 quod
1022 2793 1174 2878 abunde
1201 2791 1369 2905 quidem·
1388 2799 1636 2878 confirmatur
1660 2803 1699 2876 in
1725 2795 1798 2908 hac
1826 2795 1990 2906 philoso.

460 2985 464 3002 ,
500 2914 613 3026 pura,
644 2911 708 2996 ubi
728 2921 853 3022 agitur
874 2909 922 2992 de
947 2922 1061 2995 maris
1078 2921 1163 2996 aestu
1179 2927 1219 2997 δι
1236 2917 1552 3023 aequinosliorum
1572 2914 1830 3020 praeceffione,
1862 2912 1909 2992 ab
1929 2942 2001 2995 ae·-

502 3039 607 3112 tione
632 3053 715 3113 tum
731 3034 829 3112 lunae
852 3056 933 3112 tum
952 3031 1036 3112 solis
1054 3041 1104 3114 in
1119 3026 1470 3114 terram-oriundus.
1536 3035 1641 3114 Hinc
1660 3045 1698 3113 δι
1719 3025 1812 3112 illud
1831 3026 1989 3112 tandem

500 3144 733 3244 edocemur,
765 3152 840 3257 qui
861 3149 1042 3231 nimirum
1063 3153 1146 3262 lege
1163 3157 1226 3231 vis·
1241 3159 1435 3261 gravitatis
1460 3146 1652 3231 decrescat
1673 3157 1711 3231 in
1735 3151 1942 3253 majoribus
1967 3151 1989 3232 Ξι

500 3270 635 3348 tellure
658 3263 852 3348 distantiis.
913 3271 1019 3351 Nam
1047 3273 1136 3350 clun
1161 3276 1324 3378 gravitas
1351 3297 1430 3348 non
1449 3264 1592 3349 diversa
1616 3270 1696 3350 sita
1720 3275 1756 3346 vi
1776 3275 1991 3375 centripeta‘

499 3387 634 3480 lunari,
669 3386 751 3476 haec
780 3387 872 3467 vero
899 3386 943 3468 fit
961 3385 1155 3497 reciproce
1180 3391 1478 3497 proportionalis·
1498 3381 1684 3498 quadrato
1701 3382 1895 3472 distantias
1927 3380 1988 3467 di-

498 3511 696 3586 minuetur
722 3512 950 3612 &gravitas
977 3511 1015 3586 in
1042 3500 1185 3587 eadem·
1204 3513 1364 3588 ratione.

556 3615 852 3732 Progrediamur
883 3625 960 3724 jam
983 3618 1032 3703 ad
1063 3626 1230 3732 planetas
1250 3628 1428 3733 reliquos.
1480 3621 1702 3730 'Quoniam
1730 3625 1999 3724 revolutiones.

495 3747 769 3850 primariorum
795 3747 895 3820 circa
919 3739 1036 3822 solem
1061 3755 1101 3822 δε
1123 3735 1432 3824 secundariorum
1453 3753 1554 3824 eirca
1574 3745 1703 3847 jovem
1728 3755 1767 3824 δι
1793 3741 1987 3822 saturnum

496 3856 581 3941 sunt
611 3859 864 3968 phaenomena
894 3867 1042 3966 generis
1078 3855 1244 3963 ejusdem
1270 3888 1314 3942 ac
1342 3865 1533 3944 revolutio
1563 3863 1657 3942 lunae
1686 3867 1789 3940 circa
1819 3882 1982 3955 terram,

495 3983 695 4087 quoniam.
710 3973 827 4083 porto
852 3970 1153 4059 demonstratum
1172 3982 1235 4058 est7·
1251 3978 1348 4059 vlres
1375 3993 1603 4086 centriperas
1631 3986 1898 4085 primariorum
1923 3973 1980 4058 dr.

492 4103 566 4206 rigi
591 4095 717 4178 versirs
742 4116 918 4175 centrum
945 4095 1047 4189 solis,
1081 4093 1391 4179 secundariorum
1423 4107 1550 4180 versus
1576 4120 1706 4180 centra
1739 4101 1836 4194 jovis
1865 4107 1906 4179 δι
1934 4094 1985 4176 sa«

491 4218 616 4308 turni,
647 4206 978 4321 quemadmodum
1001 4217 1176 4296 lunaevvis
1203 4218 1567 4324 centripeta·verslrs
1591 4241 1697 4299 terrae
1727 4237 1903 4297 centrum
1926 4209 1981 4294 di.

488 4337 646 4440 rigiturs
677 4322 829 4423 adhaec,
860 4339 1044 4439 quoniam
1070 4359 1206 4413 omnes
1225 4334 1510 4417 illaeviressunt
1529 4333 1724 4444 reciproce
1746 4357 1787 4414 ut
1802 4328 1990 4439 quadrata·

489 4441 749 4528 distantiarum
782 4449 804 4526 {a
829 4457 989 4536 centris,
1023 4445 1357 4556 quemadmodum
1388 4459 1443 4534 vis
1475 4457 1571 4534 lunae
1602 4457 1654 4535 est
1684 4476 1726 4534 ut
1755 4445 1985 4562 quadratum

488 4559 718 4646 distantia-a
735 4588 862 4654 terras
884 4562 1196 4652 concludendum
1220 4575 1298 4650 erit·
1322 4565 1485 4654 eandem
1503 4565 1575 4656 elle
1593 4597 1779 4652 naturam·
1796 4570 1986 4651 univerfis.

484 4683 619 4791 Itaque
636 4701 677 4764 ut
694 4685 783 4762 luna
797 4694 959 4794 gravitat
975 4693 1013 4766 in
1034 4709 1195 4786 terram,
1222 4698 1263 4769 δι
1276 4679 1376 4771 'terra
1389 4691 1549 4771 vicissim
1568 4698 1607 4772 in
1623 4691 1754 4772 lunam
1764 4719 1775 4778 3
1800 4689 1850 4768 src
1868 4696 1988 4770 etiam

481 4798 1113 4927 gpavitabuut·0mrtet-secuttdtrii
1137 4814 1180 4906 ln
1203 4806 1535 4924 prunarios-suos,
1565 4815 1796 4926 &primarii
1827 4807 2000 4892 vicissim.

1076 4979 1080 4984 =
1950 4949 2003 5008 mr
