4502 5662
1562 402 1567 410 ι

552 419 742 516 xxx-tr*

561 627 1259 912 Aocroms
1334 625 2066 821 PRAEFAT10

1243 951 1271 1056 I
1349 949 1421 1056 Ns

592 1144 1323 1349 ammonam
1403 1203 1963 1346 TERTIAM.

618 1479 668 1562 N
700 1473 839 1558 ultione
875 1471 982 1556 hacce
1018 1470 1157 1578 terril,
1200 1505 1311 1591 quam
1339 1481 1541 1582 Henticuo
1557 1477 1792 1564 Petnberton
1821 1481 1881 1562 Μ.
1907 1481 1962 1563 D.
2006 1477 2071 1556 vie

646 1597 777 1677 ltarum
805 1623 924 1674 rerum
952 1591 1180 1706 petitifflmus
1211 1601 1388 1695 curavit,
1431 1595 1606 1682 nonnulla
1644 1602 1685 1676 iu
1721 1595 1810 1676 libro
1842 1590 2000 1708 secundo
2027 1587 2071 1671 de

561 1715 750 1829 refillentia
778 1711 978 1793 mediorum
999 1712 1110 1826 paull
1125 1709 1242 1823 faſsis
1273 1713 1504 1829 explicantur
1532 1713 1645 1828 quam
1675 1715 1810 1814 aureo,
1852 1715 1898 1796 ul*
1923 1709 2074 1794 addan·

566 1857 628 1916 tur
658 1835 905 1947 experimenta
929 1859 1026 1912 uova
1053 1828 1097 1909 de
1129 1834 1316 1946 tefislentia
1333 1838 1513 1940 gravium
1535 1861 1617 1946 que
1648 1831 1785 1912 cadunt
1808 1836 1849 1909 iu
1868 1838 1962 1913 aire.
2026 1827 2072 1909 In

568 1951 658 2035 libro
686 1953 791 2031 tertio
818 1972 1074 2062 argumentum
1093 1978 1162 2062 quo
1194 1953 1321 2033 lunam
1348 1957 1388 2030 iu
1417 1949 1495 2030 orbe
1510 1947 1579 2062 suo
1602 1975 1664 2066 per
1684 1956 1915 2060 gravitatem
1942 1939 2074 2030 retiness

568 2077 603 2153 ri
630 2066 822 2183 probatur,
852 2065 961 2182 pauli
983 2063 1093 2180 fufius
1122 2075 1339 2186 exponitur:
1382 2069 1428 2149 Ψ
1458 2095 1563 2152 nove
1591 2066 1774 2150 adduntur
1807 2068 2073 2180 observationes

571 2186 615 2269 de
649 2193 868 2301 proportione
903 2184 1162 2267 diametrorum
1190 2189 1292 2272 Jovis
1325 2183 1375 2267 ad
1404 2191 1569 2267 invicem
1598 2186 1623 2266 a
1655 2187 1712 2269 D.
1739 2183 1919 2272 Poundio
1939 2182 2073 2296 facie,

574 2303 779 2388 Adduntur
806 2310 920 2384 etiam
948 2299 1211 2416 observationes
1237 2304 1378 2417 aliquot
1413 2327 1558 2387 comete
1589 2301 1691 2386 illius
1729 2311 1794 2416 qui
1822 2333 1917 2388 anuo
1949 2317 2076 2392 1680.

571 2431 760 2540 apparuit,
790 2421 816 2501 a
840 2425 896 2503 D.
928 2421 1021 2504 Kirk
1045 2427 1161 2536 mense
1192 2421 1401 2504 Novembri
1422 2427 1464 2503 in
1484 2427 1695 2508 Germania
1717 2420 1864 2521 ltabitae,
1896 2452 1977 2534 quae
2003 2449 2077 2502 nu-

572 2571 635 2659 per
656 2541 706 2622 ad
734 2567 865 2622 manus
900 2538 1028 2653 nostrat
1055 2566 1264 2640 venerunt,
1306 2542 1352 2624 θ
1378 2570 1536 2653 quarum
1571 2570 1632 2656 ope
1664 2539 1788 2652 conflet
1824 2537 1940 2653 quam
1968 2535 2078 2654 propi

509 2717 516 2726 -
574 2659 671 2742 orbes
699 2655 898 2774 parabolici
920 2659 1075 2740 motibus
1106 2677 1327 2742 cometarum
1353 2655 1573 2772 respondent.
1642 2658 1694 2737 Et
1718 2657 1832 2738 orbita
1861 2679 2002 2742 cometa
2031 2661 2079 2756 il·

575 2779 667 2877 lius,
699 2797 927 2892 computante
958 2779 1141 2876 Halleio,
1171 2776 1280 2892 pauli
1310 2773 1517 2872 accuratius
1540 2777 1800 2859 determinatur
1820 2776 1932 2888 quarn
1953 2774 2081 2874 antea,
2224 2819 2225 2828 κ

573 2897 686 3011 idque
715 2902 756 2976 in
783 2894 900 3011 ellipfi.
965 2895 1015 2976 Ee
1047 2893 1240 3006 ostenditur
1269 2919 1445 2976 cometam
1472 2903 1512 2977 in
1545 2895 1610 2977 leae
1643 2893 1757 2977 orbita
1782 2893 1970 3010 elliptica‚
2014 2922 2077 3009 per

576 3043 708 3099 novem
742 3011 908 3094 coeloram
925 3011 1056 3125 figna,
1097 3043 1167 3096 non
1205 3013 1321 3095 minius
1356 3010 1527 3094 accurati
1559 3007 1701 3126 cursum
1734 2993 1928 3126 peregrffe,
1959 3013 2088 3124 quarm

567 3133 686 3248 solem
713 3137 868 3247 planeta
897 3138 936 3214 in
984 3131 1106 3215 orbitis
1141 3133 1310 3249 elliptieis
1349 3159 1411 3248 per
1446 3131 1696 3244 astronomiam
1731 3129 1885 3235 definitis
1923 3135 2079 3212 moveri.

579 3251 685 3337 Orbis
714 3259 826 3332 etiam
851 3278 994 3334 comere
1022 3259 1086 3365 qai
1115 3281 1210 3334 anno
1247 3259 1367 3358 1723.
1387 3260 1600 3364 apparuit,
1633 3253 1657 3332 a*
1689 3253 1745 3335 D.
1770 3247 1945 3336 Bradleio
1973 3249 2080 3362 ajlro.

580 3375 714 3458 nomin
740 3371 842 3486 apud
870 3370 1111 3459 Oxonienses
1145 3368 1335 3480 Profeffore
1370 3393 1595 3484 computatus
1621 3368 1809 3478 aolj'icitur.

618 4451 751 4526 Dabam
778 4446 918 4517 Londini

589 4567 678 4650 Jan.
710 4577 767 4628 12·
799 4545 946 4644 1725·6
