4586 5658
467 469 807 558 Parucrrrn
860 470 1354 555 Marnrnrrrrcn.
1573 471 1624 566 65

198 699 203 710 ,
279 609 380 700 rlmae
408 617 826 733 parallelogrammorum
862 619 903 694 in
938 607 1017 694 uari
1042 605 1172 722 figura
1204 606 1255 691 ad
1286 599 1629 722 parallelogramma
1655 602 1800 750 mg?

280 741 323 816 r'n
349 733 489 836 altera,
538 736 742 850 mgulorrrm
777 731 827 817 ad
850 732 1020 844 stragula,
1050 729 1125 840 fiat
1162 726 1318 816 tardema
1353 722 1433 806 dica
1462 719 1556 835 quod
1575 717 1631 822 fi-

271 879 382 964 gurae
421 854 503 940 dua
535 859 716 958 naeu,
745 857 775 942 P
787 883 814 968 p
831 855 930 952 rT,
960 845 1055 964 suar
1077 843 1130 934 ad
1153 851 1317 950 invicem
1341 850 1385 928 r'a
1410 837 1538 936 elidem
1565 834 1634 946 ala

291 2593 446 2678 Etenim
493 2607 538 2670 ut
578 2579 662 2669 sunt
705 2577 1060 2696 parallelogramma
1108 2583 1252 2698 fingula
1291 2580 1340 2669 ad
1382 2587 1546 2701 lingula,
1592 2599 1649 2688 ira

234 2699 563 2822 (componendo)
592 2703 638 2785 fir
660 2701 805 2785 summa
831 2713 1006 2786 omnium
1028 2695 1078 2785 ad
1091 2701 1278 2788 summam
1301 2716 1497 2808 omnium,
1526 2723 1568 2796 δι
1592 2717 1647 2796 ita

232 2833 359 2942 figura
385 2820 440 2927 ad¹
469 2825 659 2932 figuram,
690 2825 871 2906 existente
899 2829 1081 2905 nimirum
1116 2823 1236 2935 figura
1266 2833 1391 2933 priore
1422 2837 1521 2938 (per
1551 2831 1648 2913 lem-
1776 2851 1779 2856 ’

232 2977 303 3038 ma
335 2949 436 3036 111)
475 2935 526 3023 ad
553 2937 740 3022 summam
765 2947 963 3049 priorem,
1005 2951 1046 3022 δι
1073 2941 1193 3052 figura
1221 2943 1427 3052 posteriore
1459 2940 1510 3026 ad
1547 2946 1649 3032 sum-

234 3089 343 3151 mam
364 3065 614 3175 posteriorem
639 3065 678 3140 in
702 3065 850 3140 ratione
877 3061 1109 3169 aqualitatin
1171 3053 1227 3177 Q.
1249 3057 1297 3142 E.
1318 3059 1376 3146 D.

275 3178 409 3264 'Corol
468 3178 574 3260 Hinc
601 3178 628 3257 fi
655 3170 739 3292 duae
764 3175 1022 3288 cujuscunque
1052 3186 1201 3288 generis
1231 3186 1461 3288 quantitates
1488 3187 1529 3265 in
1558 3211 1648 3266 eun·

236 3299 331 3385 dem
360 3304 528 3410 partium
556 3321 761 3378 numerum
797 3316 992 3407 utcunque
1025 3291 1272 3384 dividanturr
1323 3308 1364 3380 δι
1393 3322 1518 3408 partes
1545 3301 1647 3398 illa,

238 3423 307 3503 ubi
333 3441 515 3508 numerus
544 3439 676 3494 earum
698 3434 859 3524 augetur
888 3425 929 3496 δι
955 3408 1183 3524 magnitudo
1209 3408 1435 3497 diminuitur
1461 3425 1504 3498 in
1525 3419 1652 3501 infini-

239 3557 353 3633 tum,
391 3529 522 3616 datam
553 3529 753 3615 obtineant
783 3538 973 3614 rationem
1004 3526 1054 3614 ad
1088 3541 1290 3629 invicem,
1333 3535 1460 3642 prima
1494 3529 1544 3618 ad
1576 3541 1651 3646 pri-

240 3681 370 3752 mam,
406 3641 570 3734 stcunda
605 3645 655 3733 ad
686 3643 915 3744 secundam,
956 3671 1193 3758 caeteraeque.¹
1206 3649 1273 3731 luo
1301 3644 1438 3732 ordine
1464 3645 1512 3733 ad
1541 3675 1653 3736 cate-

240 3803 327 3857 ras:
359 3792 468 3854 erunt
488 3765 578 3852 'rota
606 3763 655 3851 ad
685 3775 853 3850 invicem
880 3774 921 3848 in
948 3762 1084 3849 eadem
1113 3767 1176 3850 illa
1209 3762 1298 3849 dati
1321 3775 1480 3852 ratione.
1541 3775 1653 3855 Nam

242 3894 271 3974 fi
302 3899 342 3973 in
363 3893 554 3972 lemmatis
581 3887 687 3991 hujus
716 3889 845 3996 figuris
871 3884 1063 3969 sumantur
1095 3885 1449 3996 parallelogramma
1481 3894 1585 3969 inter
1614 3886 1653 3970 se

244 4033 289 4094 ut
315 4029 467 4118 partes,
498 4003 652 4086 summae
682 4011 858 4114 partium·
879 4000 1024 4114 semper
1060 4027 1171 4085 erunt
1204 4026 1246 4084 ut
1273 4001 1426 4086 summa:
1458 4005 1655 4114 parallelo.

244 4150 537 4242 grammorumr
566 4145 680 4232 arque
706 4117 816 4217 ideo,
856 4119 921 4202 ubi
947 4126 1111 4232 partium
1139 4132 1180 4204 δι
1210 4112 1655 4232 parallelogrammorum

244 4273 427 4330 numerus
455 4263 612 4351 augetur
640 4251 682 4322 lic
709 4235 935 4352 magnitudo
967 4232 1192 4324 diminuitur
1218 4243 1259 4322 in
1288 4237 1506 4338 infinitum,
1534 4247 1572 4322 in
1599 4244 1656 4324 ul.

246 4365 342 4448 rima
365 4370 513 4444 rarione
543 4360 886 4470 parallelogrammi
911 4353 961 4440 ad
986 4355 1408 4470 parallelogrammum,
1438 4357 1480 4448 id
1497 4361 1549 4444 est
1564 4369 1656 4473 (pet
1780 4461 1781 4464 p

248 4479 497 4594 hypothesm)
530 4485 573 4565 in
601 4477 735 4560 ultimi
754 4483 902 4561 ratione
929 4484 1045 4590 partis
1070 4472 1121 4562 ad
1145 4496 1305 4591 partem.

361 4743 528 4851 aaa
1084 4745 1102 4826 1
1467 4747 1659 4842 LEM
