<?xml version="1.0" encoding="UTF-8"?>
<!DOCTYPE html PUBLIC "-//W3C//DTD XHTML 1.0 Transitional//EN"
    "http://www.w3.org/TR/xhtml1/DTD/xhtml1-transitional.dtd">
<html xmlns="http://www.w3.org/1999/xhtml" xml:lang="en" lang="en">
 <head>
  <title>
</title>
<meta http-equiv="Content-Type" content="text/html;charset=utf-8" />
  <meta name='ocr-system' content='tesseract 3.04.00' />
  <meta name='ocr-capabilities' content='ocr_page ocr_carea ocr_par ocr_line ocrx_word'/>
</head>
<body>
  <div class='ocr_page' id='page_1' title='image "./philosophiaenat01maclgoog_0042.png"; bbox 0 0 4502 5662; ppageno 0'>
   <div class='ocr_carea' id='block_1_1' title="bbox 500 387 1643 504">
    <p class='ocr_par' dir='ltr' id='par_1_1' title="bbox 500 387 1643 504">
     <span class='ocr_line' id='line_1_1' title="bbox 500 387 1643 504; baseline -0.003 -20"><span class='ocrx_word' id='word_1_1' title='bbox 500 387 842 504; x_wconf 17' lang='lat' dir='ltr'>Patulcrtrn</span> <span class='ocrx_word' id='word_1_2' title='bbox 894 395 1390 484; x_wconf 74' lang='lat' dir='ltr'>Mararmarrcl.</span> <span class='ocrx_word' id='word_1_3' title='bbox 1627 415 1643 490; x_wconf 83' lang='lat'>3</span> 
     </span>
    </p>
   </div>
   <div class='ocr_carea' id='block_1_2' title="bbox 570 601 1296 720">
    <p class='ocr_par' dir='ltr' id='par_1_2' title="bbox 570 601 1296 720">
     <span class='ocr_line' id='line_1_2' title="bbox 570 601 1296 720; baseline -0.006 -14"><span class='ocrx_word' id='word_1_4' title='bbox 570 601 1296 720; x_wconf 70' lang='lat' dir='ltr'>Derr.u1r1011&#39;.t‹)</span> 
     </span>
    </p>
   </div>
   <div class='ocr_carea' id='block_1_3' title="bbox 231 800 1648 1054">
    <p class='ocr_par' dir='ltr' id='par_1_3' title="bbox 231 800 1648 1054">
     <span class='ocr_line' id='line_1_3' title="bbox 231 800 1648 934; baseline -0.003 -42"><span class='ocrx_word' id='word_1_5' title='bbox 231 800 443 934; x_wconf 68' lang='lat' dir='ltr'>&#39;Quantitas</span> <span class='ocrx_word' id='word_1_6' title='bbox 486 801 619 894; x_wconf 86' lang='lat' dir='ltr'>Motus</span> <span class='ocrx_word' id='word_1_7' title='bbox 660 814 705 934; x_wconf 67' lang='grc' dir='ltr'>ιβ</span> <span class='ocrx_word' id='word_1_8' title='bbox 740 811 907 928; x_wconf 76' lang='lat' dir='ltr'>mensura</span> <span class='ocrx_word' id='word_1_9' title='bbox 949 811 1107 930; x_wconf 81' lang='lat' dir='ltr'>ejusdem</span> <span class='ocrx_word' id='word_1_10' title='bbox 1152 835 1231 896; x_wconf 83' lang='lat' dir='ltr'>orta</span> <span class='ocrx_word' id='word_1_11' title='bbox 1263 837 1309 892; x_wconf 83' lang='lat' dir='ltr'>ex</span> <span class='ocrx_word' id='word_1_12' title='bbox 1353 806 1555 891; x_wconf 80' lang='lat' dir='ltr'><em>Velocitate</em></span> <span class='ocrx_word' id='word_1_13' title='bbox 1602 803 1648 888; x_wconf 64' lang='lat' dir='ltr'>tl*</span> 
     </span>
     <span class='ocr_line' id='line_1_4' title="bbox 578 929 1411 1054; baseline -0.008 -37"><span class='ocrx_word' id='word_1_14' title='bbox 578 929 807 1054; x_wconf 65' lang='lat' dir='ltr'>Quantitate</span> <span class='ocrx_word' id='word_1_15' title='bbox 845 933 1022 1017; x_wconf 74' lang='lat' dir='ltr'>Materia</span> <span class='ocrx_word' id='word_1_16' title='bbox 1060 929 1292 1041; x_wconf 72' lang='lat' dir='ltr'>conjunctim.</span> <span class='ocrx_word' id='word_1_17' title='bbox 1409 1041 1411 1048; x_wconf 17' lang='grc' dir='ltr'>Ι</span> 
     </span>
    </p>
   </div>
   <div class='ocr_carea' id='block_1_4' title="bbox 291 1113 1648 1346">
    <p class='ocr_par' dir='ltr' id='par_1_4' title="bbox 291 1113 1648 1346">
     <span class='ocr_line' id='line_1_5' title="bbox 291 1113 1648 1238; baseline -0.013 -23"><span class='ocrx_word' id='word_1_18' title='bbox 291 1129 425 1215; x_wconf 84' lang='lat' dir='ltr'>Motus</span> <span class='ocrx_word' id='word_1_19' title='bbox 456 1133 575 1212; x_wconf 87' lang='lat' dir='ltr'>totius</span> <span class='ocrx_word' id='word_1_20' title='bbox 601 1130 653 1214; x_wconf 89' lang='lat' dir='ltr'>est</span> <span class='ocrx_word' id='word_1_21' title='bbox 680 1127 826 1216; x_wconf 74' lang='lat' dir='ltr'>stimma</span> <span class='ocrx_word' id='word_1_22' title='bbox 855 1150 1035 1216; x_wconf 88' lang='lat' dir='ltr'>motuum</span> <span class='ocrx_word' id='word_1_23' title='bbox 1061 1136 1104 1211; x_wconf 92' lang='lat' dir='ltr'>in</span> <span class='ocrx_word' id='word_1_24' title='bbox 1134 1124 1301 1238; x_wconf 85' lang='lat' dir='ltr'>parribus</span> <span class='ocrx_word' id='word_1_25' title='bbox 1338 1125 1510 1235; x_wconf 80' lang='lat' dir='ltr'>finguliss</span> <span class='ocrx_word' id='word_1_26' title='bbox 1541 1113 1648 1201; x_wconf 86' lang='lat' dir='ltr'>idco.</span> 
     </span>
     <span class='ocr_line' id='line_1_6' title="bbox 1067 1249 1644 1346; baseline -0.026 -16"><span class='ocrx_word' id='word_1_27' title='bbox 1067 1249 1117 1330; x_wconf 77' lang='grc' dir='ltr'>Α</span> <span class='ocrx_word' id='word_1_28' title='bbox 1166 1275 1190 1326; x_wconf 91' lang='lat'><em>2</em></span> <span class='ocrx_word' id='word_1_29' title='bbox 1567 1265 1644 1346; x_wconf 88' lang='lat' dir='ltr'>que</span> 
     </span>
    </p>
   </div>
   <div class='ocr_carea' id='block_1_5' title="bbox 271 1464 1667 1560">
    <p class='ocr_par' dir='ltr' id='par_1_5' title="bbox 271 1464 1667 1560">
     <span class='ocr_line' id='line_1_7' title="bbox 271 1464 1667 1560; baseline -0.013 -18"><span class='ocrx_word' id='word_1_30' title='bbox 271 1475 333 1556; x_wconf 67' lang='lat' dir='ltr'>lt)</span> <span class='ocrx_word' id='word_1_31' title='bbox 369 1497 398 1549; x_wconf 87' lang='lat'>4.</span> <span class='ocrx_word' id='word_1_32' title='bbox 418 1476 513 1540; x_wconf 82' lang='lat' dir='ltr'>Locus</span> <span class='ocrx_word' id='word_1_33' title='bbox 530 1477 664 1560; x_wconf 84' lang='lat' dir='ltr'>eorporis</span> <span class='ocrx_word' id='word_1_34' title='bbox 685 1475 725 1540; x_wconf 88' lang='lat' dir='ltr'>est</span> <span class='ocrx_word' id='word_1_35' title='bbox 743 1495 807 1560; x_wconf 85' lang='lat' dir='ltr'>pars</span> <span class='ocrx_word' id='word_1_36' title='bbox 823 1477 919 1559; x_wconf 86' lang='lat' dir='ltr'>spatii,</span> <span class='ocrx_word' id='word_1_37' title='bbox 967 1477 1074 1538; x_wconf 88' lang='lat' dir='ltr'>riorum</span> <span class='ocrx_word' id='word_1_38' title='bbox 1092 1475 1119 1534; x_wconf 79' lang='lat' dir='ltr'>dt</span> <span class='ocrx_word' id='word_1_39' title='bbox 1136 1471 1286 1552; x_wconf 69' lang='lat' dir='ltr'>reciproce</span> <span class='ocrx_word' id='word_1_40' title='bbox 1305 1487 1484 1550; x_wconf 70' lang='lat' dir='ltr'>temporum,</span> <span class='ocrx_word' id='word_1_41' title='bbox 1505 1469 1551 1528; x_wconf 88' lang='lat' dir='ltr'>seu</span> <span class='ocrx_word' id='word_1_42' title='bbox 1568 1464 1667 1546; x_wconf 49' lang='lat' dir='ltr'>secer</span> 
     </span>
    </p>
   </div>
   <div class='ocr_carea' id='block_1_6' title="bbox 217 1547 1647 2018">
    <p class='ocr_par' dir='ltr' id='par_1_6' title="bbox 217 1547 1647 2018">
     <span class='ocr_line' id='line_1_8' title="bbox 236 1547 1646 1640; baseline -0.012 -26"><span class='ocrx_word' id='word_1_43' title='bbox 236 1572 321 1632; x_wconf 77' lang='lat' dir='ltr'>quatu</span> <span class='ocrx_word' id='word_1_44' title='bbox 341 1573 444 1633; x_wconf 87' lang='lat' dir='ltr'>corpus</span> <span class='ocrx_word' id='word_1_45' title='bbox 463 1571 609 1640; x_wconf 38' lang='lat' dir='ltr'>occupat..</span> <span class='ocrx_word' id='word_1_46' title='bbox 636 1557 734 1616; x_wconf 89' lang='lat' dir='ltr'>Motus</span> <span class='ocrx_word' id='word_1_47' title='bbox 757 1556 797 1616; x_wconf 84' lang='lat' dir='ltr'>est</span> <span class='ocrx_word' id='word_1_48' title='bbox 820 1556 919 1617; x_wconf 89' lang='lat' dir='ltr'>conti-</span> <span class='ocrx_word' id='word_1_49' title='bbox 966 1553 1068 1618; x_wconf 77' lang='lat' dir='ltr'>loricas</span> <span class='ocrx_word' id='word_1_50' title='bbox 1096 1547 1207 1614; x_wconf 84' lang='lat' dir='ltr'>dicatur</span> <span class='ocrx_word' id='word_1_51' title='bbox 1234 1552 1287 1616; x_wconf 88' lang='lat' dir='ltr'>C,</span> <span class='ocrx_word' id='word_1_52' title='bbox 1316 1547 1434 1628; x_wconf 87' lang='lat' dir='ltr'>spatium</span> <span class='ocrx_word' id='word_1_53' title='bbox 1461 1547 1497 1608; x_wconf 78' lang='lat'>8,</span> <span class='ocrx_word' id='word_1_54' title='bbox 1537 1561 1646 1622; x_wconf 82' lang='lat' dir='ltr'>ternpus</span> 
     </span>
     <span class='ocr_line' id='line_1_9' title="bbox 236 1621 1647 1707; baseline -0.011 -17"><span class='ocrx_word' id='word_1_55' title='bbox 236 1629 367 1691; x_wconf 85' lang='lat' dir='ltr'>nuadoci</span> <span class='ocrx_word' id='word_1_56' title='bbox 385 1630 520 1690; x_wconf 83' lang='lat' dir='ltr'>mutatio.</span> <span class='ocrx_word' id='word_1_57' title='bbox 562 1630 771 1690; x_wconf 82' lang='lat' dir='ltr'>Trtaitrmotu</span> <span class='ocrx_word' id='word_1_58' title='bbox 791 1630 919 1693; x_wconf 86' lang='lat' dir='ltr'>confide·</span> <span class='ocrx_word' id='word_1_59' title='bbox 967 1632 1012 1702; x_wconf 71' lang='grc' dir='ltr'>ῖς</span> <span class='ocrx_word' id='word_1_60' title='bbox 1041 1627 1098 1688; x_wconf 87' lang='lat' dir='ltr'>erit</span> <span class='ocrx_word' id='word_1_61' title='bbox 1125 1627 1206 1686; x_wconf 90' lang='lat' dir='ltr'>Cur</span> <span class='ocrx_word' id='word_1_62' title='bbox 1228 1629 1269 1687; x_wconf 89' lang='lat' dir='ltr'>S:</span> <span class='ocrx_word' id='word_1_63' title='bbox 1298 1629 1337 1689; x_wconf 82' lang='lat' dir='ltr'>T,</span> <span class='ocrx_word' id='word_1_64' title='bbox 1369 1623 1423 1685; x_wconf 87' lang='lat' dir='ltr'>srve</span> <span class='ocrx_word' id='word_1_65' title='bbox 1445 1623 1472 1681; x_wconf 89' lang='lat' dir='ltr'>C</span> <span class='ocrx_word' id='word_1_66' title='bbox 1491 1623 1590 1707; x_wconf 34' lang='lat' dir='ltr'><strong>:&#39;S:</strong></span> <span class='ocrx_word' id='word_1_67' title='bbox 1611 1621 1647 1686; x_wconf 85' lang='lat' dir='ltr'>T,</span> 
     </span>
     <span class='ocr_line' id='line_1_10' title="bbox 235 1695 1646 1841; baseline -0.009 -75"><span class='ocrx_word' id='word_1_68' title='bbox 235 1705 411 1794; x_wconf 70' lang='lat' dir='ltr'>tandasunt,</span> <span class='ocrx_word' id='word_1_69' title='bbox 425 1725 528 1787; x_wconf 88' lang='lat' dir='ltr'>corpus</span> <span class='ocrx_word' id='word_1_70' title='bbox 542 1706 626 1841; x_wconf 76' lang='lat' dir='ltr'>quod</span> <span class='ocrx_word' id='word_1_71' title='bbox 644 1723 774 1794; x_wconf 75' lang='lat' dir='ltr'>movetur</span> <span class='ocrx_word' id='word_1_72' title='bbox 789 1706 836 1768; x_wconf 91' lang='lat' dir='ltr'>seu</span> <span class='ocrx_word' id='word_1_73' title='bbox 855 1727 919 1768; x_wconf 91' lang='lat' dir='ltr'>mo·</span> <span class='ocrx_word' id='word_1_74' title='bbox 965 1705 1015 1766; x_wconf 89' lang='lat' dir='ltr'>seu</span> <span class='ocrx_word' id='word_1_75' title='bbox 1027 1701 1278 1789; x_wconf 77' lang='lat' dir='ltr'>celeritaseaponi</span> <span class='ocrx_word' id='word_1_76' title='bbox 1297 1700 1388 1782; x_wconf 88' lang='lat' dir='ltr'>potest</span> <span class='ocrx_word' id='word_1_77' title='bbox 1404 1719 1454 1788; x_wconf 75' lang='lat' dir='ltr'>per</span> <span class='ocrx_word' id='word_1_78' title='bbox 1471 1699 1590 1779; x_wconf 75' lang='lat' dir='ltr'>spatium</span> <span class='ocrx_word' id='word_1_79' title='bbox 1610 1695 1646 1754; x_wconf 81' lang='lat' dir='ltr'>ad</span> 
     </span>
     <span class='ocr_line' id='line_1_11' title="bbox 217 1775 1647 1908; baseline -0.006 -68"><span class='ocrx_word' id='word_1_80' title='bbox 217 1781 316 1849; x_wconf 87' lang='lat' dir='ltr'>-brle,</span> <span class='ocrx_word' id='word_1_81' title='bbox 340 1781 461 1862; x_wconf 83' lang='lat' dir='ltr'>spartum</span> <span class='ocrx_word' id='word_1_82' title='bbox 482 1800 541 1870; x_wconf 81' lang='lat' dir='ltr'>quo</span> <span class='ocrx_word' id='word_1_83' title='bbox 585 1799 776 1898; x_wconf 71' lang='lat' dir='ltr'>percurritur,</span> <span class='ocrx_word' id='word_1_84' title='bbox 796 1789 823 1844; x_wconf 76' lang='lat' dir='ltr'>dr</span> <span class='ocrx_word' id='word_1_85' title='bbox 843 1797 919 1844; x_wconf 87' lang='lat' dir='ltr'>tem·</span> <span class='ocrx_word' id='word_1_86' title='bbox 966 1798 1078 1863; x_wconf 87' lang='lat' dir='ltr'>ternpus</span> <span class='ocrx_word' id='word_1_87' title='bbox 1090 1775 1647 1908; x_wconf 50' lang='lat' dir='ltr'>appltcarum,&amp;trutluplrpandpptrirpqq</span> 
     </span>
     <span class='ocr_line' id='line_1_12' title="bbox 233 1855 1647 2018; baseline -0.006 -26"><span class='ocrx_word' id='word_1_88' title='bbox 233 1875 373 1994; x_wconf 65' lang='lat' dir='ltr'>{ter</span> <span class='ocrx_word' id='word_1_89' title='bbox 387 1858 919 2018; x_wconf 51' lang='lat' dir='ltr'>asffllrrrfrtsarsszlr</span> <span class='ocrx_word' id='word_1_90' title='bbox 965 1855 1383 2009; x_wconf 52' lang='lat' dir='ltr'>{sullelf’nllbffln&#39;e</span> <span class='ocrx_word' id='word_1_91' title='bbox 1396 1857 1506 1998; x_wconf 60' lang='lat' dir='ltr'>{aar</span> <span class='ocrx_word' id='word_1_92' title='bbox 1526 1872 1647 1985; x_wconf 71' lang='lat' dir='ltr'>lan.</span> 
     </span>
    </p>
   </div>
   <div class='ocr_carea' id='block_1_7' title="bbox 1673 521 1835 664">
    <p class='ocr_par' dir='ltr' id='par_1_7' title="bbox 1673 521 1835 664">
     <span class='ocr_line' id='line_1_13' title="bbox 1673 521 1835 604; baseline -0.031 -23"><span class='ocrx_word' id='word_1_93' title='bbox 1673 521 1835 604; x_wconf 22' lang='lat' dir='ltr'>D&#39;sprnrtr·</span> 
     </span>
     <span class='ocr_line' id='line_1_14' title="bbox 1674 609 1829 664; baseline -0.052 -6"><span class='ocrx_word' id='word_1_94' title='bbox 1674 609 1829 664; x_wconf 72' lang='lat' dir='ltr'>arouse.</span> 
     </span>
    </p>
   </div>
   <div class='ocr_carea' id='block_1_8' title="bbox 216 2002 1752 2088">
    <p class='ocr_par' dir='ltr' id='par_1_8' title="bbox 216 2002 1752 2088">
     <span class='ocr_line' id='line_1_15' title="bbox 216 2002 1752 2088; baseline -0.001 -26"><span class='ocrx_word' id='word_1_95' title='bbox 216 2005 387 2069; x_wconf 83' lang='lat' dir='ltr'>.fideratum</span> <span class='ocrx_word' id='word_1_96' title='bbox 407 2002 571 2070; x_wconf 79' lang='lat' dir='ltr'>describere</span> <span class='ocrx_word' id='word_1_97' title='bbox 586 2007 768 2088; x_wconf 83' lang='lat' dir='ltr'>intelliginrr.</span> <span class='ocrx_word' id='word_1_98' title='bbox 807 2009 918 2072; x_wconf 89' lang='lat' dir='ltr'>Direc-</span> <span class='ocrx_word' id='word_1_99' title='bbox 968 2009 1064 2070; x_wconf 91' lang='lat' dir='ltr'>dendo</span> <span class='ocrx_word' id='word_1_100' title='bbox 1091 2007 1166 2068; x_wconf 88' lang='lat' dir='ltr'>utrin</span> <span class='ocrx_word' id='word_1_101' title='bbox 1189 2026 1222 2067; x_wconf 89' lang='lat' dir='ltr'>ue</span> <span class='ocrx_word' id='word_1_102' title='bbox 1242 2025 1292 2086; x_wconf 87' lang='lat' dir='ltr'>per</span> <span class='ocrx_word' id='word_1_103' title='bbox 1310 2009 1355 2074; x_wconf 88' lang='lat' dir='ltr'>C,</span> <span class='ocrx_word' id='word_1_104' title='bbox 1382 2003 1529 2065; x_wconf 86' lang='lat' dir='ltr'>erltT=</span> <span class='ocrx_word' id='word_1_105' title='bbox 1556 2003 1590 2062; x_wconf 89' lang='lat' dir='ltr'>S:</span> <span class='ocrx_word' id='word_1_106' title='bbox 1609 2003 1645 2064; x_wconf 84' lang='lat' dir='ltr'>C.</span> <span class='ocrx_word' id='word_1_107' title='bbox 1747 2003 1752 2012; x_wconf 88' lang='grc'><strong>“</strong></span> 
     </span>
    </p>
   </div>
   <div class='ocr_carea' id='block_1_9' title="bbox 234 2077 1649 3678">
    <p class='ocr_par' dir='ltr' id='par_1_9' title="bbox 234 2077 1649 3678">
     <span class='ocr_line' id='line_1_16' title="bbox 234 2077 1646 2172; baseline -0.005 -30"><span class='ocrx_word' id='word_1_108' title='bbox 234 2080 280 2142; x_wconf 85' lang='lat' dir='ltr'>tio</span> <span class='ocrx_word' id='word_1_109' title='bbox 303 2084 400 2144; x_wconf 74' lang='lat' dir='ltr'>motus</span> <span class='ocrx_word' id='word_1_110' title='bbox 428 2085 468 2146; x_wconf 88' lang='lat' dir='ltr'>est</span> <span class='ocrx_word' id='word_1_111' title='bbox 493 2083 572 2145; x_wconf 88' lang='lat' dir='ltr'>linea</span> <span class='ocrx_word' id='word_1_112' title='bbox 596 2087 673 2145; x_wconf 71' lang='lat' dir='ltr'>retra</span> <span class='ocrx_word' id='word_1_113' title='bbox 696 2101 781 2172; x_wconf 84' lang='lat' dir='ltr'>quam</span> <span class='ocrx_word' id='word_1_114' title='bbox 805 2087 916 2148; x_wconf 87' lang='lat' dir='ltr'><strong>mobile</strong></span> <span class='ocrx_word' id='word_1_115' title='bbox 966 2085 1014 2145; x_wconf 91' lang='lat' dir='ltr'>seu</span> <span class='ocrx_word' id='word_1_116' title='bbox 1032 2102 1174 2165; x_wconf 76' lang='lat' dir='ltr'>tempusa</span> <span class='ocrx_word' id='word_1_117' title='bbox 1220 2103 1252 2142; x_wconf 89' lang='lat' dir='ltr'>ut</span> <span class='ocrx_word' id='word_1_118' title='bbox 1271 2082 1390 2160; x_wconf 87' lang='lat' dir='ltr'>spatium</span> <span class='ocrx_word' id='word_1_119' title='bbox 1411 2083 1447 2142; x_wconf 91' lang='lat' dir='ltr'>ad</span> <span class='ocrx_word' id='word_1_120' title='bbox 1465 2077 1646 2140; x_wconf 82' lang='lat' dir='ltr'>celeritatem</span> 
     </span>
     <span class='ocr_line' id='line_1_17' title="bbox 235 2153 1646 2238; baseline -0.004 -20"><span class='ocrx_word' id='word_1_121' title='bbox 235 2157 374 2218; x_wconf 85' lang='lat' dir='ltr'>describit</span> <span class='ocrx_word' id='word_1_122' title='bbox 404 2174 454 2222; x_wconf 87' lang='lat' dir='ltr'>aur</span> <span class='ocrx_word' id='word_1_123' title='bbox 476 2159 637 2221; x_wconf 80' lang='lat' dir='ltr'>describere</span> <span class='ocrx_word' id='word_1_124' title='bbox 663 2159 773 2220; x_wconf 77' lang='lat' dir='ltr'>nititur.</span> <span class='ocrx_word' id='word_1_125' title='bbox 820 2165 918 2222; x_wconf 81' lang='lat' dir='ltr'>Motus</span> <span class='ocrx_word' id='word_1_126' title='bbox 965 2159 1147 2238; x_wconf 84' lang='lat' dir='ltr'>applicatum.</span> <span class='ocrx_word' id='word_1_127' title='bbox 1187 2158 1215 2218; x_wconf 86' lang='lat' dir='ltr'>si</span> <span class='ocrx_word' id='word_1_128' title='bbox 1233 2159 1353 2218; x_wconf 84' lang='lat' dir='ltr'>duorum</span> <span class='ocrx_word' id='word_1_129' title='bbox 1372 2156 1524 2217; x_wconf 87' lang='lat' dir='ltr'>mobilium</span> <span class='ocrx_word' id='word_1_130' title='bbox 1541 2153 1646 2214; x_wconf 90' lang='lat' dir='ltr'>celeri-</span> 
     </span>
     <span class='ocr_line' id='line_1_18' title="bbox 237 2231 1647 2314; baseline -0.001 -19"><span class='ocrx_word' id='word_1_131' title='bbox 237 2234 433 2313; x_wconf 78' lang='lat' dir='ltr'>conspirantes·</span> <span class='ocrx_word' id='word_1_132' title='bbox 450 2233 514 2296; x_wconf 92' lang='lat' dir='ltr'>sunt</span> <span class='ocrx_word' id='word_1_133' title='bbox 531 2252 652 2314; x_wconf 88' lang='lat' dir='ltr'>quorum</span> <span class='ocrx_word' id='word_1_134' title='bbox 666 2233 835 2294; x_wconf 67' lang='lat' dir='ltr'>ditebiones</span> <span class='ocrx_word' id='word_1_135' title='bbox 847 2257 918 2299; x_wconf 88' lang='lat' dir='ltr'>son·</span> <span class='ocrx_word' id='word_1_136' title='bbox 966 2252 1040 2297; x_wconf 88' lang='lat' dir='ltr'>tates</span> <span class='ocrx_word' id='word_1_137' title='bbox 1062 2238 1163 2306; x_wconf 83' lang='lat' dir='ltr'>C,&#39;c,</span> <span class='ocrx_word' id='word_1_138' title='bbox 1183 2236 1232 2294; x_wconf 90' lang='lat' dir='ltr'>seu</span> <span class='ocrx_word' id='word_1_139' title='bbox 1248 2235 1266 2292; x_wconf 86' lang='lat' dir='ltr'>S</span> <span class='ocrx_word' id='word_1_140' title='bbox 1284 2254 1293 2292; x_wconf 82' lang='lat' dir='ltr'>r</span> <span class='ocrx_word' id='word_1_141' title='bbox 1313 2237 1356 2303; x_wconf 73' lang='lat' dir='ltr'>T,</span> <span class='ocrx_word' id='word_1_142' title='bbox 1375 2256 1387 2292; x_wconf 89' lang='lat' dir='ltr'>s</span> <span class='ocrx_word' id='word_1_143' title='bbox 1403 2253 1461 2301; x_wconf 78' lang='lat' dir='ltr'>za,</span> <span class='ocrx_word' id='word_1_144' title='bbox 1480 2231 1588 2301; x_wconf 81' lang='lat' dir='ltr'>fuerint</span> <span class='ocrx_word' id='word_1_145' title='bbox 1608 2249 1647 2294; x_wconf 65' lang='grc' dir='ltr'>τε</span> 
     </span>
     <span class='ocr_line' id='line_1_19' title="bbox 235 2305 1646 2390; baseline -0.003 -22"><span class='ocrx_word' id='word_1_146' title='bbox 235 2325 360 2388; x_wconf 75' lang='lat' dir='ltr'>gruunt,</span> <span class='ocrx_word' id='word_1_147' title='bbox 390 2327 440 2370; x_wconf 88' lang='lat' dir='ltr'>aur</span> <span class='ocrx_word' id='word_1_148' title='bbox 464 2310 564 2370; x_wconf 86' lang='lat' dir='ltr'>saltem</span> <span class='ocrx_word' id='word_1_149' title='bbox 590 2308 653 2370; x_wconf 92' lang='lat' dir='ltr'>sunt</span> <span class='ocrx_word' id='word_1_150' title='bbox 670 2309 811 2388; x_wconf 80' lang='lat' dir='ltr'>parallelae</span> <span class='ocrx_word' id='word_1_151' title='bbox 832 2318 859 2372; x_wconf 78' lang='lat' dir='ltr'>dr</span> <span class='ocrx_word' id='word_1_152' title='bbox 880 2314 917 2374; x_wconf 91' lang='lat' dir='ltr'>ad</span> <span class='ocrx_word' id='word_1_153' title='bbox 966 2313 1085 2390; x_wconf 81' lang='lat' dir='ltr'>quales,</span> <span class='ocrx_word' id='word_1_154' title='bbox 1112 2309 1143 2369; x_wconf 93' lang='lat' dir='ltr'>id</span> <span class='ocrx_word' id='word_1_155' title='bbox 1166 2311 1206 2371; x_wconf 88' lang='lat' dir='ltr'>est</span> <span class='ocrx_word' id='word_1_156' title='bbox 1228 2311 1246 2369; x_wconf 88' lang='lat' dir='ltr'>S</span> <span class='ocrx_word' id='word_1_157' title='bbox 1266 2315 1322 2370; x_wconf 88' lang='lat' dir='ltr'>:T</span> <span class='ocrx_word' id='word_1_158' title='bbox 1350 2329 1386 2369; x_wconf 85' lang='lat'><strong>=</strong></span> <span class='ocrx_word' id='word_1_159' title='bbox 1408 2329 1493 2376; x_wconf 78' lang='lat' dir='ltr'>ezr,</span> <span class='ocrx_word' id='word_1_160' title='bbox 1511 2305 1567 2367; x_wconf 88' lang='lat' dir='ltr'>erit</span> <span class='ocrx_word' id='word_1_161' title='bbox 1585 2308 1646 2366; x_wconf 77' lang='lat' dir='ltr'>Set</span> 
     </span>
     <span class='ocr_line' id='line_1_20' title="bbox 234 2382 1606 2464; baseline -0.001 -18"><span class='ocrx_word' id='word_1_162' title='bbox 234 2385 350 2446; x_wconf 88' lang='lat' dir='ltr'>easdem</span> <span class='ocrx_word' id='word_1_163' title='bbox 426 2401 468 2446; x_wconf 86' lang='lat' dir='ltr'>tes</span> <span class='ocrx_word' id='word_1_164' title='bbox 490 2383 620 2446; x_wconf 86' lang='lat' dir='ltr'>tendunt.</span> <span class='ocrx_word' id='word_1_165' title='bbox 660 2387 759 2444; x_wconf 89' lang='lat' dir='ltr'>Motus</span> <span class='ocrx_word' id='word_1_166' title='bbox 779 2387 917 2448; x_wconf 88' lang='lat' dir='ltr'>contrarii</span> <span class='ocrx_word' id='word_1_167' title='bbox 967 2405 1005 2446; x_wconf 91' lang='lat'>=</span> <span class='ocrx_word' id='word_1_168' title='bbox 1034 2389 1082 2445; x_wconf 89' lang='lat' dir='ltr'>T:</span> <span class='ocrx_word' id='word_1_169' title='bbox 1104 2407 1141 2452; x_wconf 80' lang='lat' dir='ltr'>a,</span> <span class='ocrx_word' id='word_1_170' title='bbox 1160 2386 1208 2447; x_wconf 90' lang='lat' dir='ltr'>seu</span> <span class='ocrx_word' id='word_1_171' title='bbox 1227 2382 1317 2464; x_wconf 88' lang='lat' dir='ltr'>spatia</span> <span class='ocrx_word' id='word_1_172' title='bbox 1331 2385 1445 2463; x_wconf 69' lang='lat' dir='ltr'>sunem</span> <span class='ocrx_word' id='word_1_173' title='bbox 1466 2401 1606 2462; x_wconf 86' lang='lat' dir='ltr'>tempora.</span> 
     </span>
     <span class='ocr_line' id='line_1_21' title="bbox 234 2457 1646 2541; baseline -0.001 -21"><span class='ocrx_word' id='word_1_174' title='bbox 234 2459 284 2520; x_wconf 90' lang='lat' dir='ltr'>seu</span> <span class='ocrx_word' id='word_1_175' title='bbox 307 2457 369 2521; x_wconf 83' lang='lat' dir='ltr'>dire</span> <span class='ocrx_word' id='word_1_176' title='bbox 399 2461 415 2519; x_wconf 80' lang='grc' dir='ltr'>ἑ</span> <span class='ocrx_word' id='word_1_177' title='bbox 434 2459 557 2541; x_wconf 71' lang='lat' dir='ltr'>oppositi</span> <span class='ocrx_word' id='word_1_178' title='bbox 577 2459 710 2522; x_wconf 88' lang='lat' dir='ltr'>dicuntur</span> <span class='ocrx_word' id='word_1_179' title='bbox 730 2479 850 2538; x_wconf 90' lang='lat' dir='ltr'>quorum</span> <span class='ocrx_word' id='word_1_180' title='bbox 870 2462 917 2522; x_wconf 90' lang='lat' dir='ltr'>di·</span> <span class='ocrx_word' id='word_1_181' title='bbox 1005 2471 1032 2519; x_wconf 81' lang='lat'>6.</span> <span class='ocrx_word' id='word_1_182' title='bbox 1055 2463 1197 2532; x_wconf 84' lang='lat' dir='ltr'>Jamverb</span> <span class='ocrx_word' id='word_1_183' title='bbox 1209 2479 1273 2522; x_wconf 89' lang='lat' dir='ltr'>cum</span> <span class='ocrx_word' id='word_1_184' title='bbox 1291 2460 1320 2520; x_wconf 90' lang='lat' dir='ltr'>in</span> <span class='ocrx_word' id='word_1_185' title='bbox 1333 2458 1498 2520; x_wconf 88' lang='lat' dir='ltr'>motunihil</span> <span class='ocrx_word' id='word_1_186' title='bbox 1513 2458 1563 2519; x_wconf 86' lang='lat' dir='ltr'>nist</span> <span class='ocrx_word' id='word_1_187' title='bbox 1577 2478 1646 2520; x_wconf 88' lang='lat' dir='ltr'>cor·</span> 
     </span>
     <span class='ocr_line' id='line_1_22' title="bbox 235 2535 1646 2618; baseline -0.001 -20"><span class='ocrx_word' id='word_1_188' title='bbox 235 2536 377 2599; x_wconf 59' lang='lat' dir='ltr'>sessiones</span> <span class='ocrx_word' id='word_1_189' title='bbox 394 2554 557 2616; x_wconf 76' lang='lat' dir='ltr'>congruunt</span> <span class='ocrx_word' id='word_1_190' title='bbox 578 2535 722 2614; x_wconf 88' lang='lat' dir='ltr'>quidem,</span> <span class='ocrx_word' id='word_1_191' title='bbox 749 2535 798 2596; x_wconf 74' lang='lat' dir='ltr'>a‘ut</span> <span class='ocrx_word' id='word_1_192' title='bbox 817 2536 917 2598; x_wconf 87' lang='lat' dir='ltr'>saltem</span> <span class='ocrx_word' id='word_1_193' title='bbox 966 2555 1035 2618; x_wconf 86' lang='lat' dir='ltr'>pus,</span> <span class='ocrx_word' id='word_1_194' title='bbox 1054 2537 1173 2616; x_wconf 81' lang='lat' dir='ltr'>spatium</span> <span class='ocrx_word' id='word_1_195' title='bbox 1191 2537 1352 2618; x_wconf 82' lang='lat' dir='ltr'>percussum</span> <span class='ocrx_word' id='word_1_196' title='bbox 1373 2542 1400 2597; x_wconf 72' lang='grc' dir='ltr'>ἃ</span> <span class='ocrx_word' id='word_1_197' title='bbox 1421 2553 1531 2614; x_wconf 87' lang='lat' dir='ltr'>tempus</span> <span class='ocrx_word' id='word_1_198' title='bbox 1553 2536 1646 2596; x_wconf 54' lang='lat' dir='ltr'>confi*</span> 
     </span>
     <span class='ocr_line' id='line_1_23' title="bbox 234 2609 1646 2748; baseline -0.001 -76"><span class='ocrx_word' id='word_1_199' title='bbox 234 2611 301 2673; x_wconf 87' lang='lat' dir='ltr'>sunt</span> <span class='ocrx_word' id='word_1_200' title='bbox 314 2611 467 2692; x_wconf 80' lang='lat' dir='ltr'>parallelae,</span> <span class='ocrx_word' id='word_1_201' title='bbox 486 2610 583 2673; x_wconf 89' lang='lat' dir='ltr'>sedin</span> <span class='ocrx_word' id='word_1_202' title='bbox 600 2611 740 2747; x_wconf 83' lang='lat' dir='ltr'>oppositas</span> <span class='ocrx_word' id='word_1_203' title='bbox 749 2627 846 2748; x_wconf 85' lang='lat' dir='ltr'>partes</span> <span class='ocrx_word' id='word_1_204' title='bbox 858 2634 918 2675; x_wconf 89' lang='lat' dir='ltr'>ver·</span> <span class='ocrx_word' id='word_1_205' title='bbox 966 2615 1118 2677; x_wconf 78' lang='lat' dir='ltr'>detentus,</span> <span class='ocrx_word' id='word_1_206' title='bbox 1138 2617 1165 2672; x_wconf 77' lang='grc' dir='ltr'>δι</span> <span class='ocrx_word' id='word_1_207' title='bbox 1181 2613 1258 2676; x_wconf 88' lang='lat' dir='ltr'>ratio</span> <span class='ocrx_word' id='word_1_208' title='bbox 1279 2612 1297 2672; x_wconf 91' lang='lat' dir='ltr'>s</span> <span class='ocrx_word' id='word_1_209' title='bbox 1309 2609 1361 2673; x_wconf 89' lang='lat' dir='ltr'>atii</span> <span class='ocrx_word' id='word_1_210' title='bbox 1380 2612 1416 2672; x_wconf 89' lang='lat' dir='ltr'>ad</span> <span class='ocrx_word' id='word_1_211' title='bbox 1435 2629 1463 2672; x_wconf 86' lang='lat' dir='ltr'>te</span> <span class='ocrx_word' id='word_1_212' title='bbox 1512 2632 1544 2672; x_wconf 91' lang='lat' dir='ltr'>us</span> <span class='ocrx_word' id='word_1_213' title='bbox 1565 2611 1646 2672; x_wconf 81' lang='lat' dir='ltr'>cele-</span> 
     </span>
     <span class='ocr_line' id='line_1_24' title="bbox 235 2635 1646 2769; baseline -0.001 -21"><span class='ocrx_word' id='word_1_214' title='bbox 235 2705 316 2768; x_wconf 77' lang='lat' dir='ltr'>gunt.</span> <span class='ocrx_word' id='word_1_215' title='bbox 356 2693 454 2748; x_wconf 88' lang='lat' dir='ltr'>Motus</span> <span class='ocrx_word' id='word_1_216' title='bbox 474 2708 496 2749; x_wconf 79' lang='lat' dir='ltr'>a</span> <span class='ocrx_word' id='word_1_217' title='bbox 518 2684 619 2748; x_wconf 85' lang='lat' dir='ltr'>uabilis</span> <span class='ocrx_word' id='word_1_218' title='bbox 648 2707 683 2747; x_wconf 90' lang='lat' dir='ltr'>eu</span> <span class='ocrx_word' id='word_1_219' title='bbox 699 2687 849 2747; x_wconf 90' lang='lat' dir='ltr'>uniormis</span> <span class='ocrx_word' id='word_1_220' title='bbox 866 2691 916 2760; x_wconf 91' lang='lat' dir='ltr'>est,</span> <span class='ocrx_word' id='word_1_221' title='bbox 966 2689 1083 2750; x_wconf 88' lang='lat' dir='ltr'>ritatem</span> <span class='ocrx_word' id='word_1_222' title='bbox 1102 2690 1257 2769; x_wconf 77' lang='lat' dir='ltr'>exponar(</span> <span class='ocrx_word' id='word_1_223' title='bbox 1271 2635 1327 2765; x_wconf 59' lang='lat'>55,</span> <span class='ocrx_word' id='word_1_224' title='bbox 1347 2687 1412 2748; x_wconf 89' lang='lat' dir='ltr'>satis</span> <span class='ocrx_word' id='word_1_225' title='bbox 1426 2707 1470 2748; x_wconf 89' lang='lat' dir='ltr'>evr</span> <span class='ocrx_word' id='word_1_226' title='bbox 1492 2707 1541 2746; x_wconf 86' lang='lat' dir='ltr'>ens</span> <span class='ocrx_word' id='word_1_227' title='bbox 1554 2685 1595 2746; x_wconf 79' lang='lat' dir='ltr'>ell</span> <span class='ocrx_word' id='word_1_228' title='bbox 1609 2687 1646 2746; x_wconf 90' lang='lat' dir='ltr'>ad</span> 
     </span>
     <span class='ocr_line' id='line_1_25' title="bbox 234 2761 1646 2845; baseline -0.004 -19"><span class='ocrx_word' id='word_1_229' title='bbox 234 2785 296 2845; x_wconf 90' lang='lat' dir='ltr'>quo</span> <span class='ocrx_word' id='word_1_230' title='bbox 315 2762 424 2824; x_wconf 88' lang='lat' dir='ltr'>mobile</span> <span class='ocrx_word' id='word_1_231' title='bbox 437 2783 497 2843; x_wconf 86' lang='lat' dir='ltr'>aequ</span> <span class='ocrx_word' id='word_1_232' title='bbox 527 2762 554 2822; x_wconf 87' lang='lat' dir='ltr'>ia</span> <span class='ocrx_word' id='word_1_233' title='bbox 571 2762 661 2841; x_wconf 88' lang='lat' dir='ltr'>spatia</span> <span class='ocrx_word' id='word_1_234' title='bbox 675 2762 827 2843; x_wconf 70' lang='lat' dir='ltr'>equalibus</span> <span class='ocrx_word' id='word_1_235' title='bbox 848 2780 919 2825; x_wconf 91' lang='lat' dir='ltr'>tem·</span> <span class='ocrx_word' id='word_1_236' title='bbox 967 2782 1059 2826; x_wconf 90' lang='lat' dir='ltr'>totum</span> <span class='ocrx_word' id='word_1_237' title='bbox 1088 2765 1218 2844; x_wconf 87' lang='lat' dir='ltr'>corporis</span> <span class='ocrx_word' id='word_1_238' title='bbox 1244 2781 1353 2825; x_wconf 88' lang='lat' dir='ltr'>motum</span> <span class='ocrx_word' id='word_1_239' title='bbox 1378 2763 1426 2824; x_wconf 88' lang='lat' dir='ltr'>seu</span> <span class='ocrx_word' id='word_1_240' title='bbox 1456 2761 1646 2843; x_wconf 82' lang='lat' dir='ltr'>quantitatem</span> 
     </span>
     <span class='ocr_line' id='line_1_26' title="bbox 235 2837 1646 2923; baseline -0.001 -22"><span class='ocrx_word' id='word_1_241' title='bbox 235 2839 356 2923; x_wconf 87' lang='lat' dir='ltr'>poribus</span> <span class='ocrx_word' id='word_1_242' title='bbox 385 2838 534 2919; x_wconf 83' lang='lat' dir='ltr'>percurrit.</span> <span class='ocrx_word' id='word_1_243' title='bbox 593 2841 691 2900; x_wconf 85' lang='lat' dir='ltr'>Motus</span> <span class='ocrx_word' id='word_1_244' title='bbox 723 2840 918 2908; x_wconf 79' lang='lat' dir='ltr'>acceleratus,</span> <span class='ocrx_word' id='word_1_245' title='bbox 965 2842 1061 2901; x_wconf 81' lang='lat' dir='ltr'>motsls</span> <span class='ocrx_word' id='word_1_246' title='bbox 1085 2840 1304 2908; x_wconf 86' lang='lat' dir='ltr'>inveniendam,</span> <span class='ocrx_word' id='word_1_247' title='bbox 1331 2837 1417 2898; x_wconf 85' lang='lat' dir='ltr'>solius</span> <span class='ocrx_word' id='word_1_248' title='bbox 1435 2839 1522 2900; x_wconf 78' lang='lat' dir='ltr'>malla</span> <span class='ocrx_word' id='word_1_249' title='bbox 1546 2844 1573 2898; x_wconf 78' lang='grc' dir='ltr'>δι</span> <span class='ocrx_word' id='word_1_250' title='bbox 1596 2857 1646 2900; x_wconf 90' lang='lat' dir='ltr'>ce-</span> 
     </span>
     <span class='ocr_line' id='line_1_27' title="bbox 236 2913 1646 2998; baseline -0.004 -21"><span class='ocrx_word' id='word_1_251' title='bbox 236 2937 295 2998; x_wconf 89' lang='lat' dir='ltr'>quo</span> <span class='ocrx_word' id='word_1_252' title='bbox 323 2915 432 2976; x_wconf 83' lang='lat' dir='ltr'>mobile</span> <span class='ocrx_word' id='word_1_253' title='bbox 464 2917 573 2996; x_wconf 83' lang='lat' dir='ltr'>majora</span> <span class='ocrx_word' id='word_1_254' title='bbox 595 2916 733 2976; x_wconf 78' lang='lat' dir='ltr'>continuo</span> <span class='ocrx_word' id='word_1_255' title='bbox 763 2913 852 2994; x_wconf 88' lang='lat' dir='ltr'>spatia</span> <span class='ocrx_word' id='word_1_256' title='bbox 881 2938 917 2977; x_wconf 86' lang='lat' dir='ltr'>ae·</span> <span class='ocrx_word' id='word_1_257' title='bbox 964 2916 1088 2978; x_wconf 78' lang='lat' dir='ltr'>latitatis</span> <span class='ocrx_word' id='word_1_258' title='bbox 1117 2915 1274 2978; x_wconf 84' lang='lat' dir='ltr'>habendam</span> <span class='ocrx_word' id='word_1_259' title='bbox 1296 2915 1351 2976; x_wconf 82' lang='lat' dir='ltr'>elle</span> <span class='ocrx_word' id='word_1_260' title='bbox 1375 2914 1527 2976; x_wconf 91' lang='lat' dir='ltr'>rationem.</span> <span class='ocrx_word' id='word_1_261' title='bbox 1568 2915 1646 2974; x_wconf 88' lang='lat' dir='ltr'>Cum</span> 
     </span>
     <span class='ocr_line' id='line_1_28' title="bbox 234 2989 1646 3073; baseline -0.003 -21"><span class='ocrx_word' id='word_1_262' title='bbox 234 2991 366 3073; x_wconf 86' lang='lat' dir='ltr'>qualibus</span> <span class='ocrx_word' id='word_1_263' title='bbox 382 2990 557 3069; x_wconf 86' lang='lat' dir='ltr'>temporibus</span> <span class='ocrx_word' id='word_1_264' title='bbox 575 2989 720 3052; x_wconf 87' lang='lat' dir='ltr'>describit.</span> <span class='ocrx_word' id='word_1_265' title='bbox 759 2994 859 3053; x_wconf 86' lang='lat' dir='ltr'>Motus</span> <span class='ocrx_word' id='word_1_266' title='bbox 874 3011 917 3056; x_wconf 86' lang='lat' dir='ltr'>re·</span> <span class='ocrx_word' id='word_1_267' title='bbox 965 3011 1060 3053; x_wconf 88' lang='lat' dir='ltr'>autem</span> <span class='ocrx_word' id='word_1_268' title='bbox 1084 3010 1180 3053; x_wconf 86' lang='lat' dir='ltr'>morus</span> <span class='ocrx_word' id='word_1_269' title='bbox 1203 2991 1294 3051; x_wconf 90' lang='lat' dir='ltr'>totius</span> <span class='ocrx_word' id='word_1_270' title='bbox 1321 2991 1452 3070; x_wconf 86' lang='lat' dir='ltr'>corporis</span> <span class='ocrx_word' id='word_1_271' title='bbox 1476 2990 1509 3052; x_wconf 84' lang='lat' dir='ltr'>stt</span> <span class='ocrx_word' id='word_1_272' title='bbox 1530 2991 1646 3068; x_wconf 79' lang='lat' dir='ltr'>equalis</span> 
     </span>
     <span class='ocr_line' id='line_1_29' title="bbox 234 3064 1645 3146; baseline -0.004 -16"><span class='ocrx_word' id='word_1_273' title='bbox 234 3067 361 3130; x_wconf 85' lang='lat' dir='ltr'>tardatus</span> <span class='ocrx_word' id='word_1_274' title='bbox 374 3086 433 3144; x_wconf 91' lang='lat' dir='ltr'>quo</span> <span class='ocrx_word' id='word_1_275' title='bbox 453 3065 562 3126; x_wconf 88' lang='lat' dir='ltr'>mobile</span> <span class='ocrx_word' id='word_1_276' title='bbox 583 3085 633 3145; x_wconf 89' lang='lat' dir='ltr'>per</span> <span class='ocrx_word' id='word_1_277' title='bbox 649 3065 760 3127; x_wconf 88' lang='lat' dir='ltr'>minora</span> <span class='ocrx_word' id='word_1_278' title='bbox 779 3069 916 3130; x_wconf 82' lang='lat' dir='ltr'>continud</span> <span class='ocrx_word' id='word_1_279' title='bbox 964 3067 1076 3128; x_wconf 76' lang='lat' dir='ltr'>summe</span> <span class='ocrx_word' id='word_1_280' title='bbox 1087 3085 1217 3128; x_wconf 86' lang='lat' dir='ltr'>motuum</span> <span class='ocrx_word' id='word_1_281' title='bbox 1229 3064 1396 3146; x_wconf 88' lang='lat' dir='ltr'>lingularum</span> <span class='ocrx_word' id='word_1_282' title='bbox 1410 3066 1501 3128; x_wconf 72' lang='lat' dir='ltr'>Malla</span> <span class='ocrx_word' id='word_1_283' title='bbox 1512 3064 1645 3146; x_wconf 86' lang='lat' dir='ltr'>partium,</span> 
     </span>
     <span class='ocr_line' id='line_1_30' title="bbox 235 3140 1649 3224; baseline -0.004 -17"><span class='ocrx_word' id='word_1_284' title='bbox 235 3144 327 3224; x_wconf 89' lang='lat' dir='ltr'>spatia</span> <span class='ocrx_word' id='word_1_285' title='bbox 344 3165 366 3203; x_wconf 78' lang='lat' dir='ltr'>a</span> <span class='ocrx_word' id='word_1_286' title='bbox 388 3142 496 3202; x_wconf 88' lang='lat' dir='ltr'>ualibus</span> <span class='ocrx_word' id='word_1_287' title='bbox 519 3142 694 3220; x_wconf 88' lang='lat' dir='ltr'>temporibus</span> <span class='ocrx_word' id='word_1_288' title='bbox 715 3140 816 3204; x_wconf 86' lang='lat' dir='ltr'>fertur.</span> <span class='ocrx_word' id='word_1_289' title='bbox 966 3143 1014 3205; x_wconf 89' lang='lat' dir='ltr'>seu</span> <span class='ocrx_word' id='word_1_290' title='bbox 1032 3145 1258 3207; x_wconf 85' lang='lat' dir='ltr'>elementorum,</span> <span class='ocrx_word' id='word_1_291' title='bbox 1287 3161 1367 3222; x_wconf 87' lang='lat' dir='ltr'>pater</span> <span class='ocrx_word' id='word_1_292' title='bbox 1388 3161 1520 3204; x_wconf 86' lang='lat' dir='ltr'>manente</span> <span class='ocrx_word' id='word_1_293' title='bbox 1539 3141 1649 3204; x_wconf 66' lang='lat' dir='ltr'>celeri.</span> 
     </span>
     <span class='ocr_line' id='line_1_31' title="bbox 276 3163 1645 3297; baseline -0.001 -17"><span class='ocrx_word' id='word_1_294' title='bbox 276 3242 301 3296; x_wconf 88' lang='lat'>5.</span> <span class='ocrx_word' id='word_1_295' title='bbox 323 3163 467 3280; x_wconf 72' lang='lat' dir='ltr'>Celeriter</span> <span class='ocrx_word' id='word_1_296' title='bbox 493 3219 539 3278; x_wconf 89' lang='lat' dir='ltr'>seu</span> <span class='ocrx_word' id='word_1_297' title='bbox 560 3218 716 3286; x_wconf 86' lang='lat' dir='ltr'>velocitas,</span> <span class='ocrx_word' id='word_1_298' title='bbox 736 3218 775 3280; x_wconf 86' lang='lat' dir='ltr'>est</span> <span class='ocrx_word' id='word_1_299' title='bbox 794 3238 829 3280; x_wconf 88' lang='lat' dir='ltr'>ea</span> <span class='ocrx_word' id='word_1_300' title='bbox 847 3237 915 3281; x_wconf 91' lang='lat' dir='ltr'>cor·</span> <span class='ocrx_word' id='word_1_301' title='bbox 966 3235 1042 3284; x_wconf 86' lang='lat' dir='ltr'>rate,</span> <span class='ocrx_word' id='word_1_302' title='bbox 1062 3235 1171 3278; x_wconf 88' lang='lat' dir='ltr'>morum</span> <span class='ocrx_word' id='word_1_303' title='bbox 1193 3219 1283 3278; x_wconf 86' lang='lat' dir='ltr'>totius</span> <span class='ocrx_word' id='word_1_304' title='bbox 1301 3217 1391 3279; x_wconf 74' lang='lat' dir='ltr'>snalla</span> <span class='ocrx_word' id='word_1_305' title='bbox 1407 3218 1537 3280; x_wconf 85' lang='lat' dir='ltr'>crescere</span> <span class='ocrx_word' id='word_1_306' title='bbox 1558 3235 1645 3297; x_wconf 86' lang='lat' dir='ltr'>prout</span> 
     </span>
     <span class='ocr_line' id='line_1_32' title="bbox 256 3292 1644 3374; baseline -0.003 -16"><span class='ocrx_word' id='word_1_307' title='bbox 256 3297 315 3358; x_wconf 88' lang='lat' dir='ltr'>oris</span> <span class='ocrx_word' id='word_1_308' title='bbox 339 3293 412 3354; x_wconf 88' lang='lat' dir='ltr'>mori</span> <span class='ocrx_word' id='word_1_309' title='bbox 438 3294 549 3354; x_wconf 73' lang='lat' dir='ltr'>arrectis</span> <span class='ocrx_word' id='word_1_310' title='bbox 576 3295 630 3373; x_wconf 68' lang='lat' dir='ltr'>qus</span> <span class='ocrx_word' id='word_1_311' title='bbox 647 3312 744 3374; x_wconf 89' lang='lat' dir='ltr'>aptum</span> <span class='ocrx_word' id='word_1_312' title='bbox 767 3292 916 3364; x_wconf 82' lang='lat' dir='ltr'>redditur,</span> <span class='ocrx_word' id='word_1_313' title='bbox 965 3293 1070 3356; x_wconf 88' lang='lat' dir='ltr'>crescit</span> <span class='ocrx_word' id='word_1_314' title='bbox 1087 3314 1218 3356; x_wconf 87' lang='lat' dir='ltr'>numerus</span> <span class='ocrx_word' id='word_1_315' title='bbox 1235 3293 1444 3354; x_wconf 88' lang='lat' dir='ltr'>elementorum</span> <span class='ocrx_word' id='word_1_316' title='bbox 1457 3293 1545 3355; x_wconf 77' lang='lat' dir='ltr'>malle</span> <span class='ocrx_word' id='word_1_317' title='bbox 1555 3313 1644 3371; x_wconf 76' lang='lat' dir='ltr'>aqua·</span> 
     </span>
     <span class='ocr_line' id='line_1_33' title="bbox 235 3317 1645 3450; baseline -0.004 -14"><span class='ocrx_word' id='word_1_318' title='bbox 235 3317 333 3436; x_wconf 76' lang='lat' dir='ltr'>datum</span> <span class='ocrx_word' id='word_1_319' title='bbox 355 3367 474 3450; x_wconf 84' lang='lat' dir='ltr'>spatium</span> <span class='ocrx_word' id='word_1_320' title='bbox 494 3371 562 3428; x_wconf 80' lang='lat' dir='ltr'>dato</span> <span class='ocrx_word' id='word_1_321' title='bbox 589 3387 721 3449; x_wconf 87' lang='lat' dir='ltr'>tempore</span> <span class='ocrx_word' id='word_1_322' title='bbox 740 3369 917 3448; x_wconf 82' lang='lat' dir='ltr'>aequabiliter</span> <span class='ocrx_word' id='word_1_323' title='bbox 965 3368 1057 3440; x_wconf 90' lang='lat' dir='ltr'>lium,</span> <span class='ocrx_word' id='word_1_324' title='bbox 1096 3370 1143 3430; x_wconf 87' lang='lat' dir='ltr'>seu</span> <span class='ocrx_word' id='word_1_325' title='bbox 1168 3369 1355 3450; x_wconf 85' lang='lat' dir='ltr'>quantitatem</span> <span class='ocrx_word' id='word_1_326' title='bbox 1385 3371 1478 3430; x_wconf 87' lang='lat' dir='ltr'>rnottls</span> <span class='ocrx_word' id='word_1_327' title='bbox 1500 3371 1555 3431; x_wconf 92' lang='lat' dir='ltr'>ell&#39;e</span> <span class='ocrx_word' id='word_1_328' title='bbox 1578 3389 1645 3448; x_wconf 90' lang='lat' dir='ltr'>pro·-</span> 
     </span>
     <span class='ocr_line' id='line_1_34' title="bbox 235 3443 1644 3534; baseline -0.005 -24"><span class='ocrx_word' id='word_1_329' title='bbox 235 3445 429 3528; x_wconf 89' lang='lat' dir='ltr'>percurrendi.</span> <span class='ocrx_word' id='word_1_330' title='bbox 468 3444 511 3504; x_wconf 77' lang='lat' dir='ltr'>est</span> <span class='ocrx_word' id='word_1_331' title='bbox 530 3443 617 3534; x_wconf 76' lang='lat' dir='ltr'>igitur</span> <span class='ocrx_word' id='word_1_332' title='bbox 631 3444 788 3506; x_wconf 87' lang='lat' dir='ltr'>celeritatis</span> <span class='ocrx_word' id='word_1_333' title='bbox 802 3446 917 3508; x_wconf 88' lang='lat' dir='ltr'>mensu·</span> <span class='ocrx_word' id='word_1_334' title='bbox 966 3445 1160 3524; x_wconf 88' lang='lat' dir='ltr'>portionalem</span> <span class='ocrx_word' id='word_1_335' title='bbox 1181 3443 1284 3514; x_wconf 72' lang='lat' dir='ltr'>malle,</span> <span class='ocrx_word' id='word_1_336' title='bbox 1304 3463 1436 3506; x_wconf 86' lang='lat' dir='ltr'>manente</span> <span class='ocrx_word' id='word_1_337' title='bbox 1459 3445 1527 3505; x_wconf 80' lang='lat' dir='ltr'>verb</span> <span class='ocrx_word' id='word_1_338' title='bbox 1544 3445 1644 3514; x_wconf 77' lang='lat' dir='ltr'>marte,</span> 
     </span>
     <span class='ocr_line' id='line_1_35' title="bbox 236 3519 1644 3609; baseline -0.003 -26"><span class='ocrx_word' id='word_1_339' title='bbox 236 3543 269 3585; x_wconf 87' lang='lat' dir='ltr'>ra</span> <span class='ocrx_word' id='word_1_340' title='bbox 294 3524 325 3583; x_wconf 85' lang='lat' dir='ltr'>in</span> <span class='ocrx_word' id='word_1_341' title='bbox 346 3539 427 3582; x_wconf 90' lang='lat' dir='ltr'>rnotu</span> <span class='ocrx_word' id='word_1_342' title='bbox 451 3519 584 3609; x_wconf 81' lang='lat' dir='ltr'>aquabrli</span> <span class='ocrx_word' id='word_1_343' title='bbox 607 3521 773 3597; x_wconf 71' lang='lat' dir='ltr'>querenda,</span> <span class='ocrx_word' id='word_1_344' title='bbox 801 3521 865 3590; x_wconf 86' lang='lat' dir='ltr'>seu,</span> <span class='ocrx_word' id='word_1_345' title='bbox 885 3539 917 3582; x_wconf 92' lang='lat' dir='ltr'>ut</span> <span class='ocrx_word' id='word_1_346' title='bbox 965 3521 1109 3601; x_wconf 87' lang='lat' dir='ltr'>quantitas</span> <span class='ocrx_word' id='word_1_347' title='bbox 1130 3522 1225 3582; x_wconf 83' lang='lat' dir='ltr'>morde</span> <span class='ocrx_word' id='word_1_348' title='bbox 1245 3521 1285 3581; x_wconf 87' lang='lat' dir='ltr'>est</span> <span class='ocrx_word' id='word_1_349' title='bbox 1303 3539 1334 3580; x_wconf 93' lang='lat' dir='ltr'>ut</span> <span class='ocrx_word' id='word_1_350' title='bbox 1357 3522 1497 3582; x_wconf 86' lang='lat' dir='ltr'>velocitas</span> <span class='ocrx_word' id='word_1_351' title='bbox 1504 3544 1515 3592; x_wconf 69' lang='grc' dir='ltr'><strong><em>ς</em></strong></span> <span class='ocrx_word' id='word_1_352' title='bbox 1542 3520 1644 3581; x_wconf 85' lang='lat' dir='ltr'>namsi</span> 
     </span>
     <span class='ocr_line' id='line_1_36' title="bbox 238 3593 1644 3678; baseline -0.003 -19"><span class='ocrx_word' id='word_1_353' title='bbox 238 3599 375 3660; x_wconf 84' lang='lat' dir='ltr'>habeatur</span> <span class='ocrx_word' id='word_1_354' title='bbox 394 3613 537 3676; x_wconf 88' lang='lat' dir='ltr'>quantrtas</span> <span class='ocrx_word' id='word_1_355' title='bbox 553 3594 705 3657; x_wconf 84' lang='lat' dir='ltr'>velocitati</span> <span class='ocrx_word' id='word_1_356' title='bbox 718 3599 918 3678; x_wconf 76' lang='lat' dir='ltr'>proportione·</span> <span class='ocrx_word' id='word_1_357' title='bbox 965 3615 1068 3677; x_wconf 90' lang='lat' dir='ltr'>corpus</span> <span class='ocrx_word' id='word_1_358' title='bbox 1083 3593 1171 3656; x_wconf 88' lang='lat' dir='ltr'>ide&#39;m.</span> <span class='ocrx_word' id='word_1_359' title='bbox 1193 3598 1307 3670; x_wconf 87' lang='lat' dir='ltr'>duplum</span> <span class='ocrx_word' id='word_1_360' title='bbox 1321 3597 1440 3677; x_wconf 85' lang='lat' dir='ltr'>spatium</span> <span class='ocrx_word' id='word_1_361' title='bbox 1453 3599 1557 3658; x_wconf 87' lang='lat' dir='ltr'>eodem</span> <span class='ocrx_word' id='word_1_362' title='bbox 1574 3612 1644 3656; x_wconf 90' lang='lat' dir='ltr'>tenr-</span> 
     </span>
    </p>
   </div>
   <div class='ocr_carea' id='block_1_10' title="bbox 236 3670 1748 3762">
    <p class='ocr_par' dir='ltr' id='par_1_10' title="bbox 236 3670 1748 3762">
     <span class='ocr_line' id='line_1_37' title="bbox 236 3670 1748 3762; baseline -0.001 -28"><span class='ocrx_word' id='word_1_363' title='bbox 236 3675 295 3742; x_wconf 85' lang='lat' dir='ltr'>lis,</span> <span class='ocrx_word' id='word_1_364' title='bbox 320 3673 499 3751; x_wconf 74' lang='lat' dir='ltr'>quarendum</span> <span class='ocrx_word' id='word_1_365' title='bbox 519 3672 559 3732; x_wconf 88' lang='lat' dir='ltr'>est</span> <span class='ocrx_word' id='word_1_366' title='bbox 579 3670 699 3749; x_wconf 85' lang='lat' dir='ltr'>spatium</span> <span class='ocrx_word' id='word_1_367' title='bbox 720 3675 797 3762; x_wconf 93' lang='lat' dir='ltr'>quod</span> <span class='ocrx_word' id='word_1_368' title='bbox 812 3692 916 3753; x_wconf 89' lang='lat' dir='ltr'>corpus</span> <span class='ocrx_word' id='word_1_369' title='bbox 964 3691 1033 3753; x_wconf 89' lang='lat' dir='ltr'>pore</span> <span class='ocrx_word' id='word_1_370' title='bbox 1053 3673 1209 3752; x_wconf 89' lang='lat' dir='ltr'>percurrit,</span> <span class='ocrx_word' id='word_1_371' title='bbox 1228 3672 1327 3756; x_wconf 83' lang='lat' dir='ltr'>duplus</span> <span class='ocrx_word' id='word_1_372' title='bbox 1344 3673 1383 3733; x_wconf 89' lang='lat' dir='ltr'>est</span> <span class='ocrx_word' id='word_1_373' title='bbox 1402 3671 1479 3733; x_wconf 85' lang='lat' dir='ltr'>illius</span> <span class='ocrx_word' id='word_1_374' title='bbox 1495 3671 1645 3739; x_wconf 88' lang='lat' dir='ltr'>motus,li</span> <span class='ocrx_word' id='word_1_375' title='bbox 1745 3672 1748 3684; x_wconf 89' lang='lat'>&#39;</span> 
     </span>
    </p>
   </div>
   <div class='ocr_carea' id='block_1_11' title="bbox 235 3745 1649 4436">
    <p class='ocr_par' dir='ltr' id='par_1_11' title="bbox 235 3745 1649 4436">
     <span class='ocr_line' id='line_1_38' title="bbox 237 3745 1644 3828; baseline -0.004 -16"><span class='ocrx_word' id='word_1_376' title='bbox 237 3752 308 3812; x_wconf 90' lang='lat' dir='ltr'>dato</span> <span class='ocrx_word' id='word_1_377' title='bbox 326 3765 455 3828; x_wconf 87' lang='lat' dir='ltr'>ternpore</span> <span class='ocrx_word' id='word_1_378' title='bbox 474 3765 669 3826; x_wconf 87' lang='lat' dir='ltr'>percurreret,</span> <span class='ocrx_word' id='word_1_379' title='bbox 691 3749 710 3808; x_wconf 83' lang='lat' dir='ltr'>st</span> <span class='ocrx_word' id='word_1_380' title='bbox 729 3749 806 3810; x_wconf 78' lang='lat' dir='ltr'>rllius&#39;</span> <span class='ocrx_word' id='word_1_381' title='bbox 823 3767 917 3809; x_wconf 91' lang='lat' dir='ltr'>motus</span> <span class='ocrx_word' id='word_1_382' title='bbox 965 3748 1082 3828; x_wconf 86' lang='lat' dir='ltr'>triplum</span> <span class='ocrx_word' id='word_1_383' title='bbox 1099 3748 1197 3828; x_wconf 89' lang='lat' dir='ltr'>triplus</span> <span class='ocrx_word' id='word_1_384' title='bbox 1215 3754 1268 3808; x_wconf 73' lang='lat' dir='ltr'>&amp;o</span> <span class='ocrx_word' id='word_1_385' title='bbox 1308 3748 1335 3807; x_wconf 88' lang='lat' dir='ltr'>Si</span> <span class='ocrx_word' id='word_1_386' title='bbox 1358 3748 1452 3808; x_wconf 89' lang='lat' dir='ltr'>uidem</span> <span class='ocrx_word' id='word_1_387' title='bbox 1467 3745 1644 3809; x_wconf 82' lang='lat' dir='ltr'>manentibus</span> 
     </span>
     <span class='ocr_line' id='line_1_39' title="bbox 236 3769 1645 3912; baseline -0.004 -24"><span class='ocrx_word' id='word_1_388' title='bbox 236 3824 367 3888; x_wconf 83' lang='lat' dir='ltr'>constans</span> <span class='ocrx_word' id='word_1_389' title='bbox 380 3841 465 3899; x_wconf 89' lang='lat' dir='ltr'>atque</span> <span class='ocrx_word' id='word_1_390' title='bbox 478 3823 624 3901; x_wconf 82' lang='lat' dir='ltr'>aequabilis</span> <span class='ocrx_word' id='word_1_391' title='bbox 635 3842 824 3902; x_wconf 89' lang='lat' dir='ltr'>permaneret.</span> <span class='ocrx_word' id='word_1_392' title='bbox 850 3829 918 3884; x_wconf 85' lang='lat' dir='ltr'>Por·</span> <span class='ocrx_word' id='word_1_393' title='bbox 967 3841 1097 3912; x_wconf 89' lang='lat' dir='ltr'>tempore</span> <span class='ocrx_word' id='word_1_394' title='bbox 1128 3829 1154 3884; x_wconf 89' lang='lat'><strong>&amp;</strong></span> <span class='ocrx_word' id='word_1_395' title='bbox 1182 3825 1280 3891; x_wconf 66' lang='lat' dir='ltr'>rualli,</span> <span class='ocrx_word' id='word_1_396' title='bbox 1309 3769 1387 3883; x_wconf 76' lang='lat' dir='ltr'>nulla</span> <span class='ocrx_word' id='word_1_397' title='bbox 1411 3823 1451 3883; x_wconf 80' lang='lat' dir='ltr'>est</span> <span class='ocrx_word' id='word_1_398' title='bbox 1478 3824 1535 3884; x_wconf 87' lang='lat' dir='ltr'>alia</span> <span class='ocrx_word' id='word_1_399' title='bbox 1559 3841 1645 3899; x_wconf 89' lang='lat' dir='ltr'>quam</span> 
     </span>
     <span class='ocr_line' id='line_1_40' title="bbox 238 3897 1646 3986; baseline -0.002 -24"><span class='ocrx_word' id='word_1_400' title='bbox 238 3903 273 3962; x_wconf 76' lang='lat' dir='ltr'>ro</span> <span class='ocrx_word' id='word_1_401' title='bbox 289 3898 466 3962; x_wconf 85' lang='lat' dir='ltr'>manifestum</span> <span class='ocrx_word' id='word_1_402' title='bbox 479 3899 518 3960; x_wconf 82' lang='lat' dir='ltr'>est</span> <span class='ocrx_word' id='word_1_403' title='bbox 530 3897 709 3958; x_wconf 86' lang='lat' dir='ltr'>celeritatem</span> <span class='ocrx_word' id='word_1_404' title='bbox 725 3899 778 3960; x_wconf 84' lang='lat' dir='ltr'>else</span> <span class='ocrx_word' id='word_1_405' title='bbox 794 3900 928 3978; x_wconf 83' lang='lat' dir='ltr'>duplam„</span> <span class='ocrx_word' id='word_1_406' title='bbox 967 3897 1121 3986; x_wconf 79' lang='lat' dir='ltr'>sparsorum</span> <span class='ocrx_word' id='word_1_407' title='bbox 1137 3897 1277 3965; x_wconf 85' lang='lat' dir='ltr'>varietas,</span> <span class='ocrx_word' id='word_1_408' title='bbox 1297 3903 1322 3957; x_wconf 76' lang='lat' dir='ltr'>dt</span> <span class='ocrx_word' id='word_1_409' title='bbox 1348 3918 1441 3958; x_wconf 87' lang='lat' dir='ltr'>motus</span> <span class='ocrx_word' id='word_1_410' title='bbox 1462 3898 1525 3958; x_wconf 91' lang='lat' dir='ltr'>sunt</span> <span class='ocrx_word' id='word_1_411' title='bbox 1538 3915 1569 3957; x_wconf 91' lang='lat' dir='ltr'>ut</span> <span class='ocrx_word' id='word_1_412' title='bbox 1583 3897 1646 3976; x_wconf 84' lang='lat' dir='ltr'>spa·</span> 
     </span>
     <span class='ocr_line' id='line_1_41' title="bbox 240 3973 1645 4055; baseline -0.003 -17"><span class='ocrx_word' id='word_1_413' title='bbox 240 3977 278 4038; x_wconf 86' lang='lat' dir='ltr'>tri</span> <span class='ocrx_word' id='word_1_414' title='bbox 298 3977 374 4044; x_wconf 88' lang='lat' dir='ltr'>lam,</span> <span class='ocrx_word' id='word_1_415' title='bbox 394 3973 605 4055; x_wconf 85' lang='lat' dir='ltr'>srternporibus</span> <span class='ocrx_word' id='word_1_416' title='bbox 622 3975 775 4052; x_wconf 77' lang='lat' dir='ltr'>equalibus</span> <span class='ocrx_word' id='word_1_417' title='bbox 793 3975 919 4055; x_wconf 87' lang='lat' dir='ltr'>duplum,</span> <span class='ocrx_word' id='word_1_418' title='bbox 967 3991 1007 4034; x_wconf 89' lang='lat' dir='ltr'>tra</span> <span class='ocrx_word' id='word_1_419' title='bbox 1017 3997 1028 4044; x_wconf 82' lang='lat'>3</span> <span class='ocrx_word' id='word_1_420' title='bbox 1048 3974 1096 4032; x_wconf 91' lang='lat' dir='ltr'>sed</span> <span class='ocrx_word' id='word_1_421' title='bbox 1116 3973 1204 4054; x_wconf 87' lang='lat' dir='ltr'>spatia</span> <span class='ocrx_word' id='word_1_422' title='bbox 1225 3973 1399 4052; x_wconf 87' lang='lat' dir='ltr'>temporibus</span> <span class='ocrx_word' id='word_1_423' title='bbox 1417 3973 1568 4054; x_wconf 72' lang='lat' dir='ltr'>equalibus</span> <span class='ocrx_word' id='word_1_424' title='bbox 1584 3992 1645 4052; x_wconf 85' lang='lat' dir='ltr'>per·</span> 
     </span>
     <span class='ocr_line' id='line_1_42' title="bbox 239 3999 1646 4132; baseline -0.008 -17"><span class='ocrx_word' id='word_1_425' title='bbox 239 3999 297 4115; x_wconf 80' lang='lat' dir='ltr'>rel</span> <span class='ocrx_word' id='word_1_426' title='bbox 304 4051 422 4132; x_wconf 89' lang='lat' dir='ltr'>triplum</span> <span class='ocrx_word' id='word_1_427' title='bbox 444 4067 620 4129; x_wconf 87' lang='lat' dir='ltr'>percurratur</span> <span class='ocrx_word' id='word_1_428' title='bbox 636 4049 654 4109; x_wconf 91' lang='lat' dir='ltr'>s</span> <span class='ocrx_word' id='word_1_429' title='bbox 667 4051 777 4121; x_wconf 79' lang='lat' dir='ltr'>atium3</span> <span class='ocrx_word' id='word_1_430' title='bbox 796 4057 822 4111; x_wconf 80' lang='grc' dir='ltr'>δι</span> <span class='ocrx_word' id='word_1_431' title='bbox 845 4071 920 4110; x_wconf 91' lang='lat' dir='ltr'>con-</span> <span class='ocrx_word' id='word_1_432' title='bbox 968 4049 1048 4110; x_wconf 87' lang='lat' dir='ltr'>cursa</span> <span class='ocrx_word' id='word_1_433' title='bbox 1065 4048 1128 4108; x_wconf 90' lang='lat' dir='ltr'>sunt</span> <span class='ocrx_word' id='word_1_434' title='bbox 1146 4066 1178 4110; x_wconf 92' lang='lat' dir='ltr'>ut</span> <span class='ocrx_word' id='word_1_435' title='bbox 1194 4047 1357 4109; x_wconf 89' lang='lat' dir='ltr'>celeritates</span> <span class='ocrx_word' id='word_1_436' title='bbox 1370 4050 1450 4127; x_wconf 87' lang='lat'>(5),</span> <span class='ocrx_word' id='word_1_437' title='bbox 1466 4071 1497 4111; x_wconf 91' lang='lat' dir='ltr'>er</span> <span class='ocrx_word' id='word_1_438' title='bbox 1517 4069 1536 4108; x_wconf 94' lang='grc' dir='ltr'>ο</span> <span class='ocrx_word' id='word_1_439' title='bbox 1554 4068 1646 4127; x_wconf 85' lang='lat' dir='ltr'>quan.</span> 
     </span>
     <span class='ocr_line' id='line_1_43' title="bbox 240 4070 1644 4204; baseline -0.004 -14"><span class='ocrx_word' id='word_1_440' title='bbox 240 4131 285 4204; x_wconf 79' lang='lat' dir='ltr'>trel</span> <span class='ocrx_word' id='word_1_441' title='bbox 314 4127 493 4189; x_wconf 82' lang='lat' dir='ltr'>celeritatem</span> <span class='ocrx_word' id='word_1_442' title='bbox 516 4125 570 4185; x_wconf 79' lang='lat' dir='ltr'>elle</span> <span class='ocrx_word' id='word_1_443' title='bbox 594 4072 785 4204; x_wconf 79' lang='lat' dir='ltr'>subduplam,</span> <span class='ocrx_word' id='word_1_444' title='bbox 816 4125 919 4186; x_wconf 86' lang='lat' dir='ltr'>subtri·</span> <span class='ocrx_word' id='word_1_445' title='bbox 968 4125 1069 4185; x_wconf 87' lang='lat' dir='ltr'>titates</span> <span class='ocrx_word' id='word_1_446' title='bbox 1091 4125 1183 4184; x_wconf 78' lang='lat' dir='ltr'>morl-s</span> <span class='ocrx_word' id='word_1_447' title='bbox 1209 4126 1273 4184; x_wconf 91' lang='lat' dir='ltr'>sunt</span> <span class='ocrx_word' id='word_1_448' title='bbox 1300 4124 1389 4184; x_wconf 86' lang='lat' dir='ltr'>etiarn</span> <span class='ocrx_word' id='word_1_449' title='bbox 1411 4143 1442 4185; x_wconf 92' lang='lat' dir='ltr'>ut</span> <span class='ocrx_word' id='word_1_450' title='bbox 1471 4070 1644 4186; x_wconf 71' lang='lat' dir='ltr'>otiositates.</span> 
     </span>
     <span class='ocr_line' id='line_1_44' title="bbox 240 4199 1648 4286; baseline -0.004 -21"><span class='ocrx_word' id='word_1_451' title='bbox 240 4208 336 4286; x_wconf 86' lang='lat' dir='ltr'>plant,</span> <span class='ocrx_word' id='word_1_452' title='bbox 365 4203 384 4264; x_wconf 89' lang='lat' dir='ltr'>st</span> <span class='ocrx_word' id='word_1_453' title='bbox 409 4200 528 4280; x_wconf 82' lang='lat' dir='ltr'>aqualia</span> <span class='ocrx_word' id='word_1_454' title='bbox 556 4199 643 4278; x_wconf 90' lang='lat' dir='ltr'>spatia</span> <span class='ocrx_word' id='word_1_455' title='bbox 650 4239 660 4268; x_wconf 91' lang='lat'>,</span> <span class='ocrx_word' id='word_1_456' title='bbox 686 4201 797 4282; x_wconf 88' lang='lat' dir='ltr'>duplo,</span> <span class='ocrx_word' id='word_1_457' title='bbox 829 4202 918 4282; x_wconf 89' lang='lat' dir='ltr'>triplo</span> <span class='ocrx_word' id='word_1_458' title='bbox 969 4201 1069 4276; x_wconf 86' lang='lat' dir='ltr'>Quare</span> <span class='ocrx_word' id='word_1_459' title='bbox 1088 4199 1257 4260; x_wconf 87' lang='lat' dir='ltr'>variantibus</span> <span class='ocrx_word' id='word_1_460' title='bbox 1274 4201 1360 4262; x_wconf 79' lang='lat' dir='ltr'>melfis</span> <span class='ocrx_word' id='word_1_461' title='bbox 1382 4218 1466 4280; x_wconf 87' lang='lat' dir='ltr'>atque</span> <span class='ocrx_word' id='word_1_462' title='bbox 1486 4199 1648 4268; x_wconf 74' lang='lat' dir='ltr'>celeritati-1</span> 
     </span>
     <span class='ocr_line' id='line_1_45' title="bbox 241 4273 1648 4362; baseline -0.003 -21"><span class='ocrx_word' id='word_1_463' title='bbox 241 4299 373 4362; x_wconf 88' lang='lat' dir='ltr'>tempore</span> <span class='ocrx_word' id='word_1_464' title='bbox 400 4295 622 4358; x_wconf 72' lang='lat' dir='ltr'>percurrantur,</span> <span class='ocrx_word' id='word_1_465' title='bbox 652 4276 720 4354; x_wconf 84' lang='lat' dir='ltr'>ergb</span> <span class='ocrx_word' id='word_1_466' title='bbox 742 4277 919 4339; x_wconf 86' lang='lat' dir='ltr'>manentibus</span> <span class='ocrx_word' id='word_1_467' title='bbox 970 4273 1037 4340; x_wconf 73' lang='lat' dir='ltr'>bus,</span> <span class='ocrx_word' id='word_1_468' title='bbox 1056 4277 1151 4335; x_wconf 86' lang='lat' dir='ltr'>trrotr&#39;ls</span> <span class='ocrx_word' id='word_1_469' title='bbox 1172 4274 1313 4352; x_wconf 83' lang='lat' dir='ltr'>quantitas</span> <span class='ocrx_word' id='word_1_470' title='bbox 1330 4275 1369 4334; x_wconf 90' lang='lat' dir='ltr'>est</span> <span class='ocrx_word' id='word_1_471' title='bbox 1386 4275 1494 4357; x_wconf 89' lang='lat' dir='ltr'>semper</span> <span class='ocrx_word' id='word_1_472' title='bbox 1514 4293 1545 4336; x_wconf 91' lang='lat' dir='ltr'>ut</span> <span class='ocrx_word' id='word_1_473' title='bbox 1563 4277 1648 4337; x_wconf 83' lang='lat' dir='ltr'>marsa</span> 
     </span>
     <span class='ocr_line' id='line_1_46' title="bbox 235 4348 1649 4436; baseline -0.001 -22"><span class='ocrx_word' id='word_1_474' title='bbox 235 4355 436 4436; x_wconf 80' lang='lat' dir='ltr'>temporibus,</span> <span class='ocrx_word' id='word_1_475' title='bbox 455 4353 620 4412; x_wconf 87' lang='lat' dir='ltr'>celeritates</span> <span class='ocrx_word' id='word_1_476' title='bbox 637 4348 700 4409; x_wconf 89' lang='lat' dir='ltr'>sunt</span> <span class='ocrx_word' id='word_1_477' title='bbox 720 4369 751 4411; x_wconf 93' lang='lat' dir='ltr'>ut</span> <span class='ocrx_word' id='word_1_478' title='bbox 770 4351 874 4430; x_wconf 86' lang='lat' dir='ltr'>sparia;</span> <span class='ocrx_word' id='word_1_479' title='bbox 893 4358 920 4412; x_wconf 78' lang='lat' dir='ltr'>dt</span> <span class='ocrx_word' id='word_1_480' title='bbox 970 4350 1000 4411; x_wconf 89' lang='lat' dir='ltr'>in</span> <span class='ocrx_word' id='word_1_481' title='bbox 1021 4349 1199 4412; x_wconf 85' lang='lat' dir='ltr'>celeritatem</span> <span class='ocrx_word' id='word_1_482' title='bbox 1214 4353 1293 4415; x_wconf 68' lang='lat' dir='ltr'>duaa</span> <span class='ocrx_word' id='word_1_483' title='bbox 1304 4391 1314 4420; x_wconf 88' lang='lat'>,</span> <span class='ocrx_word' id='word_1_484' title='bbox 1333 4353 1380 4411; x_wconf 89' lang='lat' dir='ltr'>seu</span> <span class='ocrx_word' id='word_1_485' title='bbox 1394 4351 1545 4413; x_wconf 81' lang='lat' dir='ltr'>iuratione</span> <span class='ocrx_word' id='word_1_486' title='bbox 1564 4371 1649 4412; x_wconf 80' lang='lat' dir='ltr'>com·</span> 
     </span>
    </p>
   </div>
   <div class='ocr_carea' id='block_1_12' title="bbox 142 4425 1648 4508">
    <p class='ocr_par' dir='ltr' id='par_1_12' title="bbox 142 4425 1648 4508">
     <span class='ocr_line' id='line_1_47' title="bbox 142 4425 1648 4508; baseline -0.001 -18"><span class='ocrx_word' id='word_1_487' title='bbox 142 4470 145 4478; x_wconf 89' lang='lat'>·</span> <span class='ocrx_word' id='word_1_488' title='bbox 243 4430 420 4492; x_wconf 86' lang='lat' dir='ltr'>manentibus</span> <span class='ocrx_word' id='word_1_489' title='bbox 439 4428 557 4506; x_wconf 85' lang='lat' dir='ltr'>spatiis,</span> <span class='ocrx_word' id='word_1_490' title='bbox 574 4425 739 4486; x_wconf 87' lang='lat' dir='ltr'>celeritates</span> <span class='ocrx_word' id='word_1_491' title='bbox 757 4427 920 4488; x_wconf 89' lang='lat' dir='ltr'>suntinver·</span> <span class='ocrx_word' id='word_1_492' title='bbox 970 4426 1060 4506; x_wconf 72' lang='lat' dir='ltr'>polites</span> <span class='ocrx_word' id='word_1_493' title='bbox 1079 4427 1165 4487; x_wconf 76' lang='lat' dir='ltr'>malie</span> <span class='ocrx_word' id='word_1_494' title='bbox 1187 4433 1213 4486; x_wconf 78' lang='grc' dir='ltr'>δι</span> <span class='ocrx_word' id='word_1_495' title='bbox 1234 4425 1408 4496; x_wconf 73' lang='lat' dir='ltr'>celeritatis,</span> <span class='ocrx_word' id='word_1_496' title='bbox 1427 4426 1446 4488; x_wconf 85' lang='lat' dir='ltr'>fi</span> <span class='ocrx_word' id='word_1_497' title='bbox 1465 4429 1561 4508; x_wconf 87' lang='lat' dir='ltr'>iraque</span> <span class='ocrx_word' id='word_1_498' title='bbox 1580 4448 1648 4488; x_wconf 87' lang='lat' dir='ltr'>mo-</span> 
     </span>
    </p>
   </div>
   <div class='ocr_carea' id='block_1_13' title="bbox 243 4499 1649 4666">
    <p class='ocr_par' dir='ltr' id='par_1_13' title="bbox 243 4499 1649 4666">
     <span class='ocr_line' id='line_1_48' title="bbox 243 4499 1648 4590; baseline 0.001 -26"><span class='ocrx_word' id='word_1_499' title='bbox 243 4505 273 4564; x_wconf 78' lang='lat' dir='ltr'>rd</span> <span class='ocrx_word' id='word_1_500' title='bbox 292 4527 324 4567; x_wconf 89' lang='lat' dir='ltr'>ut</span> <span class='ocrx_word' id='word_1_501' title='bbox 342 4523 493 4584; x_wconf 85' lang='lat' dir='ltr'>tempora;</span> <span class='ocrx_word' id='word_1_502' title='bbox 519 4521 607 4590; x_wconf 86' lang='lat' dir='ltr'>quare</span> <span class='ocrx_word' id='word_1_503' title='bbox 624 4499 792 4588; x_wconf 78' lang='lat' dir='ltr'>variantibus</span> <span class='ocrx_word' id='word_1_504' title='bbox 810 4519 921 4581; x_wconf 86' lang='lat' dir='ltr'>tempo-</span> <span class='ocrx_word' id='word_1_505' title='bbox 970 4501 1174 4586; x_wconf 74' lang='lat' dir='ltr'>rtisqtrantitas</span> <span class='ocrx_word' id='word_1_506' title='bbox 1195 4503 1306 4588; x_wconf 80' lang='lat' dir='ltr'>dicatur</span> <span class='ocrx_word' id='word_1_507' title='bbox 1325 4503 1378 4578; x_wconf 83' lang='lat' dir='ltr'>Q3</span> <span class='ocrx_word' id='word_1_508' title='bbox 1415 4505 1504 4566; x_wconf 85' lang='lat' dir='ltr'>Malla</span> <span class='ocrx_word' id='word_1_509' title='bbox 1521 4507 1573 4573; x_wconf 88' lang='lat' dir='ltr'>M,</span> <span class='ocrx_word' id='word_1_510' title='bbox 1601 4525 1648 4565; x_wconf 90' lang='lat' dir='ltr'>ce·</span> 
     </span>
     <span class='ocr_line' id='line_1_49' title="bbox 244 4575 1649 4666; baseline 0.002 -28"><span class='ocrx_word' id='word_1_511' title='bbox 244 4580 321 4639; x_wconf 87' lang='lat' dir='ltr'>ribus</span> <span class='ocrx_word' id='word_1_512' title='bbox 347 4597 445 4666; x_wconf 44' lang='lat' dir='ltr'>atque·</span> <span class='ocrx_word' id='word_1_513' title='bbox 462 4578 588 4656; x_wconf 87' lang='lat' dir='ltr'>sparus,</span> <span class='ocrx_word' id='word_1_514' title='bbox 623 4580 787 4638; x_wconf 78' lang='lat' dir='ltr'>celeritates</span> <span class='ocrx_word' id='word_1_515' title='bbox 813 4577 871 4636; x_wconf 91' lang='lat' dir='ltr'>sem</span> <span class='ocrx_word' id='word_1_516' title='bbox 891 4597 922 4639; x_wconf 88' lang='lat' dir='ltr'>er</span> <span class='ocrx_word' id='word_1_517' title='bbox 970 4579 1068 4637; x_wconf 85' lang='lat' dir='ltr'>lerrtas</span> <span class='ocrx_word' id='word_1_518' title='bbox 1097 4579 1147 4648; x_wconf 75' lang='lat' dir='ltr'>C,</span> <span class='ocrx_word' id='word_1_519' title='bbox 1182 4595 1236 4637; x_wconf 88' lang='lat' dir='ltr'>errt</span> <span class='ocrx_word' id='word_1_520' title='bbox 1260 4575 1293 4652; x_wconf 89' lang='lat' dir='ltr'><strong>Q</strong></span> <span class='ocrx_word' id='word_1_521' title='bbox 1315 4595 1346 4637; x_wconf 89' lang='lat' dir='ltr'>ut</span> <span class='ocrx_word' id='word_1_522' title='bbox 1368 4582 1400 4638; x_wconf 88' lang='lat' dir='ltr'>M</span> <span class='ocrx_word' id='word_1_523' title='bbox 1419 4581 1465 4648; x_wconf 90' lang='lat' dir='ltr'>C,</span> <span class='ocrx_word' id='word_1_524' title='bbox 1503 4581 1582 4659; x_wconf 87' lang='lat' dir='ltr'>quod</span> <span class='ocrx_word' id='word_1_525' title='bbox 1602 4578 1649 4641; x_wconf 74' lang='lat' dir='ltr'>itt</span> 
     </span>
    </p>
   </div>
   <div class='ocr_carea' id='block_1_14' title="bbox 241 4650 1690 4736">
    <p class='ocr_par' dir='ltr' id='par_1_14' title="bbox 241 4650 1690 4736">
     <span class='ocr_line' id='line_1_50' title="bbox 241 4650 1690 4736; baseline -0.006 -14"><span class='ocrx_word' id='word_1_526' title='bbox 241 4655 372 4733; x_wconf 68' lang='lat' dir='ltr'>muntia</span> <span class='ocrx_word' id='word_1_527' title='bbox 390 4670 504 4731; x_wconf 69' lang='lat' dir='ltr'>trusus</span> <span class='ocrx_word' id='word_1_528' title='bbox 521 4650 679 4736; x_wconf 67' lang='lat' dir='ltr'>composti</span> <span class='ocrx_word' id='word_1_529' title='bbox 693 4673 728 4719; x_wconf 85' lang='lat' dir='ltr'>es</span> <span class='ocrx_word' id='word_1_530' title='bbox 740 4653 846 4720; x_wconf 71' lang='lat' dir='ltr'>ducet</span> <span class='ocrx_word' id='word_1_531' title='bbox 874 4675 923 4734; x_wconf 58' lang='lat' dir='ltr'>pa:</span> <span class='ocrx_word' id='word_1_532' title='bbox 971 4651 1137 4731; x_wconf 79' lang='lat' dir='ltr'>exponimus</span> <span class='ocrx_word' id='word_1_533' title='bbox 1154 4651 1189 4736; x_wconf 80' lang='lat' dir='ltr'>Q</span> <span class='ocrx_word' id='word_1_534' title='bbox 1208 4669 1245 4735; x_wconf 66' lang='grc' dir='ltr'><strong>ς</strong></span> <span class='ocrx_word' id='word_1_535' title='bbox 1268 4653 1358 4730; x_wconf 90' lang='lat' dir='ltr'>MC,</span> <span class='ocrx_word' id='word_1_536' title='bbox 1383 4653 1537 4732; x_wconf 84' lang='lat' dir='ltr'>dividendo</span> <span class='ocrx_word' id='word_1_537' title='bbox 1556 4652 1649 4717; x_wconf 83' lang='lat' dir='ltr'>uuin-</span> <span class='ocrx_word' id='word_1_538' title='bbox 1684 4684 1690 4692; x_wconf 42' lang='grc' dir='ltr'><em>ι</em></span> 
     </span>
    </p>
   </div>
   <div class='ocr_carea' id='block_1_15' title="bbox 1590 4745 1648 4810">
    <p class='ocr_par' dir='ltr' id='par_1_15' title="bbox 1590 4745 1648 4810">
     <span class='ocr_line' id='line_1_51' title="bbox 1590 4745 1648 4810; baseline 0.034 -20"><span class='ocrx_word' id='word_1_539' title='bbox 1590 4745 1648 4810; x_wconf 78' lang='lat' dir='ltr'>que</span> 
     </span>
    </p>
   </div>
   <div class='ocr_carea' id='block_1_16' title="bbox 0 0 2267 5662">
    <p class='ocr_par' dir='ltr' id='par_1_16' title="bbox 0 0 2267 5662">
     <span class='ocr_line' id='line_1_52' title="bbox 0 0 2267 5662; baseline 0 0"><span class='ocrx_word' id='word_1_540' title='bbox 0 0 2267 5662; x_wconf 95' lang='lat' dir='ltr'> </span> 
     </span>
    </p>
   </div>
  </div>
 </body>
</html>
