4502 5662
517 362 658 422 xxvr
1036 323 1504 428 rotronis.

522 479 716 568 vrdebitur
748 501 866 590 quarn
899 470 1114 584 hypothesrs
1143 480 1347 558 vorticum
1410 472 1671 558 Affirmaverit
1684 469 1687 472 ’
1701 463 1844 556 deinde
1870 461 1937 554 has
1962 485 2019 552 at-

524 597 768 708 molphaeras,
801 623 848 676 ex
872 593 1006 679 natuti
1025 591 1106 689 lul,
1137 597 1238 673 circa
1265 595 1382 675 solem
1408 597 1557 674 moveri
1586 586 1835 674 &sessiones
1864 594 2021 672 conicas

525 715 754 801 describetur
787 717 851 822 qui
872 708 956 792 sane
981 732 1108 791 motus
1130 707 1257 792 multo·
1277 705 1421 792 sacililrs
1439 716 1591 819 concipi
1617 710 1760 818 potest,
1792 709 1909 818 quim
1926 731 2019 788 con·-

528 835 655 922 srmills
686 848 817 920 motus.
833 834 1023 918 vorticum
1045 827 1081 909 se
1106 832 1274 910 invicem
1297 834 1587 936 permeantium.
1649 827 1830 937 Denique
1852 825 2023 934 planetas

529 951 624 1064 ipsos
654 961 889 1040 &cometas
919 951 1025 1027 circa·
1039 942 1160 1032 solem
1182 938 1320 1032 deserti
1337 945 1384 1027 ab
1409 943 1665 1057 atmosphaeris
1692 941 1761 1026 suis
1782 935 2023 1028 credendum

530 1065 602 1158 effe
632 1070 859 1162 statuam&
894 1062 945 1142 ob
974 1085 1145 1174 repertos
1171 1085 1349 1144 motuum
1374 1066 1588 1146 coelestium
1627 1059 1756 1144 causas,
1783 1059 2024 1170 triumphum

528 1210 627 1298 agat.
689 1180 872 1292 Quisquis
899 1201 1029 1263 autem
1058 1179 1157 1266 hanc
1184 1177 1349 1261 fabulam
1381 1173 1625 1284 rejiciendam
1656 1172 1729 1259 else
1752 1201 1893 1290 putet,
1914 1172 2025 1262 idem

530 1315 571 1388 le
598 1307 755 1388 alteram
779 1297 946 1380 subulam
966 1302 1132 1404 rejiciet:
1161 1322 1251 1378 nam
1273 1324 1392 1382 ovum
1414 1325 1493 1380 non
1521 1300 1575 1380 est
1597 1320 1675 1377 ovo
1698 1295 1883 1394 similius,
1904 1295 2026 1408 quirun

528 1419 744 1531 hypothesis
769 1413 1099 1525 utmosphaerarum
1129 1413 1332 1525 hypothesr
1353 1420 1589 1524 vorticum·

586 1541 736 1620 Docuit
759 1531 956 1628 Galilaeus,
983 1526 1119 1644 lapidis
1138 1533 1294 1642 projecti
1313 1542 1353 1614 δι
1370 1539 1411 1614 in
1432 1532 1610 1642 parabola
1629 1537 1728 1614 moti
1751 1522 2024 1616 ieffeutonem

528 1657 550 1738 l
573 1654 679 1736 cursu
703 1655 898 1742 restilineo
926 1656 1021 1734 oriri·
1041 1650 1068 1732 *e
1088 1655 1274 1754 gravitate
1290 1645 1431 1758 lapidis.
1448 1654 1488 1730 in
1515 1671 1668 1746 terram,
1699 1646 1748 1730 ab
1776 1651 1931 1733 occulta
1954 1645 2024 1730 sci.

527 1775 619 1857 licet
649 1773 841 1880 qualitate.
919 1769 1018 1854 Fieri
1048 1788 1178 1848 tamen
1212 1767 1334 1875 potest
1361 1789 1403 1847 ut
1429 1767 1697 1878 aliusehquis,
1740 1763 1816 1846 nasu
1843 1771 2024 1850 acutioris

527 1886 792 1998 philosophus,
822 1879 969 1968 causam
994 1885 1107 1966 aliam
1133 1879 1452 1968 comminiscetur.
1511 1885 1649 1996 Finget
1675 1887 1789 1994 igitur
1807 1885 1870 1966 ille
1896 1907 2024 1966 mate·

526 2015 621 2088 riam
647 1998 839 2114 quandam
863 1999 1058 2094 subtilem,
1087 2027 1267 2109 qux-nec.
1287 1998 1384 2096 visu,
1415 2028 1487 2082 nec
1512 2003 1636 2097 tadu,
1665 2027 1792 2110 neque
1820 2002 1900 2083 ullo
1917 1995 2023 2082 sensu

440 2181 443 2191 ,
526 2129 765 2234 percipitur,
787 2117 931 2200 versari
949 2126 992 2208 in
1005 2116 1223 2228 regionibus
1241 2144 1325 2225 quae
1346 2115 1520 2225 proxime
1544 2123 1774 2228 contingunt
1798 2119 1944 2200 telluris.
1965 2115 2023 2200 sue

524 2243 731 2350 perficiem.
792 2237 1055 2324 Hanc'autem
1075 2241 1296 2329 materiam,
1328 2240 1365 2314 in
1383 2229 1544 2318 diverses
1562 2237 1709 2344 plagas,
1741 2240 1854 2318 variis
1879 2247 1923 2320 lle
1944 2238 2023 2344 ple.-

524 2358 904 2468 rumquecontrariis
927 2351 1095 2442 motibus
1116 2350 1227 2447 ferri,
1246 2361 1287 2433 δι
1302 2350 1419 2432 lineas
1438 2349 1671 2464 parabolicos
1695 2346 1907 2436 describere
1924 2379 2021 2436 con.

524 2471 669 2557 tendet.
730 2463 884 2556 Deinde
909 2494 1013 2550 vero.
1030 2462 1170 2578 lapidis,
1183 2462 1450 2550 delectionem
1471 2467 1628 2579 pulchre
1653 2469 1705 2553 src
1737 2463 1946 2578 expediet,
1979 2482 2022 2555 δι

525 2596 628 2702 vulgi
657 2589 823 2700 plausum
852 2583 1080 2676 merebitur„
1132 2585 1265 2694 Lupis,
1308 2591 1475 2694 inquiet,
1505 2592 1544 2668 in
1571 2581 1690 2670 fluido
1713 2591 1780 2674 illo
1805 2577 1931 2670 subtili
1956 2615 2022 2672 na-

523 2731 580 2792 tat
606 2720 647 2793 dc
670 2705 797 2798 cursui
814 2705 892 2805 ejus
912 2695 1178 2811 obsequendo,
1208 2729 1297 2790 non,
1313 2707 1433 2812 potest
1451 2731 1530 2786 non
1557 2699 1721 2790 eandem
1747 2706 1821 2789 unh
1846 2703 2021 2790 semitam

523 2821 746 2918 describere.
809 2814 991 2906 Fluidum.
1008 2823 1100 2902 vero
1128 2841 1305 2901 movetur
1331 2829 1369 2903 in
1396 2823 1513 2902 lineis.
1531 2821 1778 2932 parabolicisr
1809 2850 1902 2932 ergo
1928 2825 2020 2932 lapi·

523 2939 672 3033 demin
702 2937 880 3052 parabola
907 2944 1055 3026 moveri
1082 2930 1229 3038 necesse
1245 2939 1316 3024 eil,
1368 2941 1467 3046 Quis
1488 2965 1596 3022 nunt:¹
1615 2939 2019 3028 uonmirabitutacm

523 3061 704 3142 tissimum
727 3055 878 3160 hujusce
906 3053 1117 3164 philosophi
1147 3061 1364 3164 ingenium,
1397 3081 1443 3135 ex
1470 3055 1587 3138 caulis
1612 3055 1866 3151 mechanicis,
1898 3034 2020 3144 mate*

522 3178 577 3259 rii
597 3175 740 3259 scilicet
756 3185 797 3256 δι
816 3197 959 3270 motu,¹
981 3169 1233 3280 phaenomena
1249 3197 1391 3259 naturae
1414 3166 1466 3260 ad
1481 3174 1585 3282 vulgi
1607 3181 1725 3258 etiam
1746 3195 1902 3283 ceptum
1924 3202 2015 3286 ppae·

521 3292 622 3382 clare
635 3287 874 3381 deducennsr
909 3293 1017 3396 Quis,
1034 3291 1128 3378 veto
1149 3288 1484 3380 nonsubsanuabit
1503 3287 1650 3380 bonum
1673 3293 1781 3380 illum
1802 3287 2022 3390 Galilaer'rm,

521 3420 587 3521 qui
608 3436 749 3520 magno
774 3411 974 3494 molimine
995 3406 1268 3498 mathematico
1291 3407 1490 3516 qualitates
1513 3412 1705 3505 occultas,
1737 3407 2048 3518 ephilosrphia.

519 3528 680 3620 feliciter
705 3526 892 3621 exclusas,
924 3521 1052 3616 denuo
1075 3551 1268 3616 revocate.
1293 3524 1536 3618 sustinuerim„
1557 3520 1632 3616 sed
1657 3497 1776 3646 pudet
1793 3533 1902 3642 nugis
1928 3519 2017 3614 diu:-

520 3647 595 3738 tius
623 3649 847 3735 immorari„

579 3771 745 3852 Summa,
766 3766 819 3841 rei
850 3759 926 3839 hue
957 3754 1113 3852 tandem
1141 3753 1263 3848 redit:
1295 3785 1535 3847 cometarum
1567 3769 1708 3875 ingens
1726 3765 1786 3845 est*
1809 3788 2029 3854 uumemse

517 3903 647 3964 motus
663 3905 796 3961 eorum
815 3875 907 3968 suut¹
920 3875 1066 3960 summi:
1082 3881 1291 3986 regulares,
1322 3889 1362 3960 δι
1381 3871 1530 3964 easdem
1550 3882 1652 3992 leges
1668 3909 1758 3968 cum
1776 3883 2016 3990 planetarum

517 3996 689 4082 motibus
710 3995 934 4086 observant
952 3997 1165 4084 Moventur
1181 3993 1578 4093 inorbibuseonicis,
1605 3993 1791 4084 hierbes
1803 3993 2015 4084 suntvalde

517 4109 732 4208 admodum
758 4120 973 4196 eccentriei.
1036 4115 1228 4194 Feruntur
1243 4107 1411 4222 undique
1434 4118 1473 4192 io
1494 4139 1629 4202 omnes
1652 4117 1843 4202 coelorum
1867 4136 2015 4225 partes,

517 4245 559 4318 &
581 4237 817 4342 planctuum
839 4228 1232 4340 regionesliberrime
1249 4230 1528 4340 pertranseunt,
1560 4245 1600 4315 δι
1619 4231 1713 4344 sepe
1736 4233 1871 4316 contrh
1891 4231 2015 4343 signo·

516 4378 603 4442 tum
627 4344 804 4442 ordinem
832 4344 1029 4432 incedunt.
1088 4349 1187 4430 Haec
1220 4347 1490 4457 phaenomena.
1505 4350 1706 4436 cerriffime
1735 4349 2014 4438 confirmantur

515 4495 574 4558 ert-
590 4464 915 4562 observationibus
943 4469 1225 4548 astronomicis:
1254 4477 1295 4552 de
1323 4493 1391 4576 per
1415 4474 1579 4548 vortices
1597 4469 2015 4582 nequeuntexplicath·

513 4586 622 4687 llud,
650 4613 702 4672 ue
727 4581 1224 4700 quidemcumnortiribus
1243 4585 1480 4704 planetarum
1495 4584 1694 4676 consulere
1710 4581 1873 4708 posunt.
1931 4585 2018 4670 eo,

1820 4719 2018 4795 metitum
