4586 5658
717 422 772 511 54¹
987 397 1429 479 Purrosorrtrlu
1479 391 1852 478 Nrrurtntrs

524 560 676 656 dmm·
708 547 929 662 spirantium
954 555 996 626 δι
1029 537 1244 624 differentii
1283 548 1566 644 contrariorum
1610 540 1872 657 colligebatur.
1932 544 2039 628 Nam
2075 571 2135 626 et-

395 661 398 666 ⁴
524 653 585 706 '⁸’
606 645 677 694 ”W
709 693 841 753 torem
871 659 980 774 digiti
1016 672 1125 744 unius
1158 674 1200 746 δι
1227 664 1378 743 alterius
1410 669 1451 743 in
1485 659 1666 743 mensuris
1693 659 1896 743 tribuerim
1927 657 2134 746 difficulta-

707 797 740 873 ti
769 775 974 899 peragendi
1013 781 1155 893 srngula
1194 777 1293 863 satis¹
1311 776 1498 864 accurate.
1574 780 1746 864 Difficile
1772 805 1873 877 erat,
1922 803 2005 866 tum
2035 809 2132 891 pen·

710 904 802 990 dula
839 904 949 984 simul
984 896 1188 982 demittere
1219 899 1296 996 stc,
1347 921 1390 980 ut
1420 925 1583 1010 corpora
1624 906 1667 981 in
1700 899 1736 981 se
1776 923 1913 982 mutuo
1936 907 2133 1012 *impinge

712 1048 799 1110 rent
820 1029 863 1104 iu
892 1025 983 1104 loco
1008 1021 1143 1103 infimo
1171 1011 1214 1096 A
1238 1016 1294 1106 Bt
1324 1043 1409 1100 tum
1438 1022 1526 1100 loca
1553 1043 1592 1116 s,
1625 1015 1836 1118 ltnotare,
1868 1015 1917 1100 ad
1936 1049 2022 1131 quae
2047 1044 2134 1098 cor.
2249 1047 2250 1142 p

710 1166 805 1259 pora
839 1135 1096 1226 ascendebant
1130 1141 1212 1249 post
1238 1138 1476 1220 concursum.
1550 1131 1691 1222 Sed&
1722 1145 1761 1219 in
1785 1138 1873 1248 ipsrs
1905 1136 2132 1251 corporibus
2179 1205 2185 1214 .
2249 1143 2250 1206 l

708 1257 885 1378 pendulis
930 1259 1123 1371 inaequalis
1152 1264 1316 1370 partium
1351 1252 1536 1354 densrtas,
1567 1268 1608 1339 δι
1640 1277 1790 1339 textura
1818 1259 1899 1338 aliis
1930 1253 1981 1339 de
2012 1257 2130 1339 causis
2249 1251 2250 1266 ²

705 1385 955 1494 irregularis,
988 1399 1134 1461 errores
1169 1369 1414 1459 inducebant.
1533 1477 1536 1484 ⁴
1580 1373 1584 1378 ’
1656 1392 1663 1401 ’

772 1505 895 1586 Porro
923 1505 1058 1609 nequis
1087 1494 1245 1604 objiciat
1274 1499 1445 1606 regulam
1458 1553 1470 1591 ,
1501 1485 1551 1574 ad
1584 1519 1701 1605 quarn
1730 1489 1970 1605 probandam
1997 1503 2129 1579 invem

704 1638 795 1706 tum
839 1622 892 1700 est
929 1618 1010 1700 hoc
1041 1622 1372 1726 experimentum,
1412 1609 1697 1724 praesupponere
1734 1640 1898 1724 corpora
1930 1615 1992 1695 vel
2025 1611 2130 1695 abso·

707 1737 789 1824 puts
819 1731 914 1820 dura
952 1729 1055 1833 esse,
1102 1735 1165 1816 vel
1197 1733 1328 1817 saltem
1371 1728 1537 1843 persedit
1571 1734 1744 1830 clastica‚
1785 1727 1998 1834 cujusmodi
2027 1735 2130 1814 nulla

706 1863 951 1968 reperiuntur
978 1863 1018 1937 iu
1042 1851 1388 1964 ‘compositionibus
1410 1848 1662 1942 naturalibuse
1696 1849 1764 1950 (d)
1798 1845 1902 1932 addo
1929 1846 2037 1961 quod
2068 1880 2129 1932 ex·-

708 1981 925 2090 petimenta
941 1978 1034 2081 ¹jam
1067 1967 1253 2084 descripta
1288 1966 1497 2054 succedunt
1532 1974 1571 2048 in
1607 1967 1835 2078 ⁴corporibus
1867 1968 2051 2052 mollibus
2086 1998 2130 2050 re·

742 2122 792 2178 ue
814 2123 860 2178 ac
885 2101 926 2178 in
954 2088 1080 2190 duris,
1112 2089 1338 2174 nimirums
1363 2082 1587 2171 conditione
1610 2079 1762 2170 duritiei
1784 2096 2011 2198 neutiquam
2040 2115 2130 2197 pen·

710 2123 853 2298 dentre.
915 2217 1020 2300 Nam
1058 2212 1245 2322 stregula
1274 2210 1339 2290 illa
1379 2209 1424 2291 sin
1457 2202 1681 2315 corporibus
1715 2233 1795 2288 non
1833 2204 1999 2319 perfeble
2029 2199 2130 2287 duris

705 2327 893 2416 tentanda
923 2336 1005 2429 est,
1037 2325 1196 2411 debebit
1226 2323 1472 2408 solummodo
1496 2324 1658 2405 reflexio
1688 2332 1809 2408 minui
1840 2332 1882 2408 in
1912 2326 2017 2409 certi
2044 2350 2129 2436 pro·

709 2457 889 2562 portione
913 2477 984 2560 pro
1014 2452 1226 2557 quantitate
1253 2453 1310 2526 vis
1339 2449 1509 2527 clasticae.
1570 2443 1613 2524 ln
1633 2444 1786 2525 theoriis
1815 2449 1957 2530 Wrenui
1983 2455 2024 2527 &
2049 2433 2129 2522 Huc

703 2573 807 2678 genii
835 2595 998 2678 corpora
1026 2561 1194 2651 absoluti
1221 2558 1316 2644 dura
1347 2559 1509 2646 redeunt
1537 2560 1587 2644 ab
1620 2566 1790 2644 invicem
1823 2590 1915 2646 cum
1947 2566 2126 2644 velocita-

708 2707 750 2770 te
777 2678 1002 2798 congressus.
1068 2687 1131 2782 (θ)
1166 2684 1319 2767 Cottius
1346 2676 1387 2763 id
1420 2678 1670 2765 affirmabitur
1698 2675 1748 2762 de
1771 2671 1936 2790 perfode
1961 2685 2128 2764 elasticis.

709 2799 759 2904 (f
769 2809 781 2902 )
810 2810 860 2888 'In
886 2799 1110 2914 'impersesid
1134 2804 1290 2883 elusticis
1318 2804 1504 2883 velocitas
1537 2793 1680 2880 reditus
1707 2795 1917 2882 minuenda
1951 2803 2003 2881 est
2023 2797 2129 2880 srmul

704 2953 802 3008 cum
833 2930 872 3006 vi
899 2921 1069 3010 clasticit
1101 2945 1304 3030 propterea
1333 2913 1441 3028 quod
1469 2919 1644 3015 visilia,
1678 2919 1778 3018 (nist
1802 2919 1868 3001 ubi
1896 2941 2022 3029 partes
2040 2943 2128 3002 cor·

709 3069 850 3154 porum
877 3070 925 3125 ex
954 3031 1151 3152 congressu
1179 3031 1388 3138 induntur,
1420 3040 1483 3120 vel
1512 3037 1773 3120 extensionem
1797 3039 2003 3148 aliqualem
2028 3035 2127 3150 quast

768 3151 771 3156 ⁴
1470 3193 1473 3203 ¹
2066 3152 2128 3238 sub

748 3392 807 3469 (ἃ)
848 3401 894 3461 96.
929 3389 1129 3469 Experimenta
1157 3375 1219 3466 'jam
1253 3373 1396 3462 descripta
1445 3395 1508 3449 rum
1522 3381 1647 3467 perfodi
1660 3389 1795 3448 durorum
1810 3383 2043 3448 concurrentium
2053 3383 2138 3448 nulle·

709 3467 864 3528 succedunt
887 3467 917 3524 in
943 3465 1114 3546 corporibus
1131 3463 1266 3524 mollibus
1286 3469 1313 3524 &
1336 3479 1396 3520 non
1442 3467 1557 3528 videtur
1574 3465 1629 3528 effe
1645 3463 1720 3544 poss'e
1739 3461 1870 3527 reflexio,

708 3541 830 3609 elasticis
849 3540 930 3620 arque
948 3559 982 3601 ac
1009 3541 1038 3600 in
1061 3538 1181 3599 duris&
1202 3539 1345 3615 elnsticis,
1363 3555 1396 3622 ut
1482 3541 1544 3620 (f)
1582 3554 1629 3612 93.
1652 3545 1687 3600 ln
1705 3539 1871 3620 impersesld
1884 3537 2026 3608 elasticis,
2047 3539 2129 3600 velo·

708 3617 777 3698 pote*
794 3637 853 3677 non
870 3621 889 3677 ὲ
909 3615 1077 3678 conditione
1098 3613 1215 3675 duritiei
1230 3621 1257 3676 tit
1269 3613 1396 3676 olasticr-
1439 3617 1517 3680 citas
1533 3615 1643 3678 reditis
1666 3616 1820 3680 minuenda
1839 3615 1879 3676 est
1901 3635 1966 3676 eum
1989 3615 2016 3676 vi
2037 3613 2128 3676 elalli·

707 3695 795 3762 raris,
815 3693 864 3754 sed
883 3709 992 3754 tanturn
1009 3694 1045 3752 ab
1061 3691 1180 3752 astionis
1195 3695 1221 3748 dt
1243 3687 1394 3752 reattionis
1445 3696 1503 3763 ci,
1522 3695 1678 3774 propterea
1694 3694 1774 3772 quod
1791 3691 1916 3756 visilia,
1933 3691 2010 3752 'licet
2027 3685 2129 3771 imper-

684 3835 688 3844 ,
707 3767 872 3851 aequalitate
896 3773 923 3828 ἃ
944 3767 1124 3849 oppositione
1146 3765 1310 3848 pendentiat
1327 3787 1393 3826 nam
1445 3772 1536 3835 setta,
1556 3787 1636 3829 certa
1654 3767 1749 3830 rameri
1767 3787 1802 3831 ac
1820 3767 2011 3830 determinata
2027 3767 2082 3835 est,
2102 3767 2129 3826 irr

708 3848 728 3908 sr
750 3847 847 3934 regula
873 3845 925 3906 illa
949 3844 978 3904 in
1003 3844 1172 3926 corporibus
1194 3865 1252 3905 non
1271 3843 1393 3922 perferte*
1446 3847 1546 3909 iisdem
1565 3845 1752 3924 corporibus,
1772 3845 1822 3906 nisr
1841 3844 1889 3904 uhi
1912 3862 2006 3924 partes
2026 3863 2079 3905 cor
2098 3863 2131 3904 o·

708 3921 830 3984 elalireis
849 3921 984 3982 tentanda
1004 3922 1060 3989 est,
1081 3939 1112 3979 ut
1133 3921 1311 4002 exipsorum
1330 3940 1393 3980 mo-
1445 3945 1506 3986 rum
1523 3943 1557 3983 ex
1578 3921 1726 3999 congressu
1746 3923 1900 3988 laeduntur,
1920 3921 1965 3980 rel
1989 3865 2130 3982 extendo-

706 3999 783 4060 tibus
809 3997 876 4059 ante
896 3997 1061 4058 conflictum
1092 3997 1269 4058 inveniantur
1300 4013 1394 4056 morus
1445 4019 1511 4060 nem
1524 3998 1679 4086 aliqualem
1696 3999 1772 4076 quasr
1787 3999 1836 4059 sub
1856 3997 1964 4068 malleo
1977 3997 2129 4076 patiuntur3

727 4075 770 4135 ost
788 4074 970 4143 conflictum,
992 4073 1110 4133 debebit
1130 4074 1222 4134 solum
1243 4073 1330 4132 modb
1348 4091 1395 4133 re-
1447 4076 1512 4136 ‹lurn
1538 4093 1616 4134 emm
1633 4094 1687 4136 cor
1707 4075 1765 4136 otis
1789 4070 1898 4137 elastiei
1924 4071 1999 4134 fibrae
2019 4091 2054 4134 ex
2076 4073 2130 4132 reu

706 4095 795 4212 iiexio
824 4150 914 4210 minui
939 4151 968 4210 in
995 4149 1073 4209 certi
1101 4149 1310 4229 proportione,
1342 4167 1395 4226 pro
1439 4153 1616 4220 fleetuntur,
1636 4150 1654 4210 li
1675 4095 1770 4231 aiiqua
1790 4155 1970 4229 abrumpatur
1990 4149 2079 4221 libra,
2097 4165 2129 4208 ea

707 4227 870 4308 quantitate
887 4225 928 4286 vis
947 4225 1065 4288 elasticar
1081 4229 1098 4303 -(
1112 4231 1174 4305 52).
1445 4249 1503 4290 non
1523 4226 1582 4288 sese
1611 4227 1753 4296 restituit,
1784 4227 1914 4305 adedque
1937 4226 1982 4286 uis
2001 4221 2131 4308 eorporis

745 4309 760 4380 (
771 4306 808 4381 e)
846 4323 891 4372 97.
914 4303 1031 4363 Cetrius
1043 4303 1071 4362 id
1084 4301 1268 4364 affirmabitur
1280 4301 1315 4362 de
1330 4321 1394 4382 per·
1445 4303 1603 4366 restitutiva
1624 4305 1778 4378 minuitur3
1807 4303 1827 4364 sr
1846 4303 1914 4365 verb
1935 4303 2013 4365 fibrae
2032 4321 2131 4364 exten·

706 4380 781 4444 ferte*
799 4377 942 4447 elallicis3
962 4400 1086 4462 corpora
1106 4380 1183 4440 enim
1202 4378 1325 4456 perfesle’
1346 4380 1395 4439 du·
1448 4383 1573 4450 dantur,
1591 4399 1623 4441 ut
1648 4380 1718 4444 ferri
1743 4381 1850 4442 lamina
1875 4379 2006 4460 repetitis
2033 4375 2130 4463 mallei

706 4477 738 4520 ra
759 4459 806 4518 seu
827 4473 948 4532 quorum
985 4476 1061 4518 artes
1080 4457 1158 4516 nulls
1175 4454 1203 4514 vi
1220 4455 1298 4515 liniri
1318 4451 1394 4536 sepa·
1447 4456 1548 4519 itiibus
1561 4458 1590 4518 in
1606 4461 1723 4539 longum
1735 4457 1890 4526 diducitur,
1909 4477 1972 4537 pars
1984 4457 2054 4518 ideis
2067 4457 2132 4515 hurc
2249 4489 2250 4524 p

705 4533 762 4595 rari
776 4551 824 4594 aut
837 4531 910 4593 lieni
925 4477 1051 4614 poium,
1074 4531 1151 4592 nulli
1168 4551 1285 4613 quoque
1297 4532 1324 4592 si
1337 4533 1394 4594 res·
1447 4535 1579 4598 librarum
1598 4533 1755 4595 extensioui
1778 4533 1930 4602 adhibitae,
1956 4533 1983 4594 vi
2000 4527 2131 4594 restituti·

706 4609 823 4671 titurius
853 4630 902 4671 aut
931 4631 961 4670 re
982 4609 1064 4672 ulfias
1100 4611 1212 4688 pollere
1239 4609 1394 4682 ridentur3
1447 4633 1486 4674 sae
1505 4610 1673 4674 detrahitur.
1713 4609 1768 4672 His
1791 4611 1878 4672 cauis
1897 4608 1965 4670 addi
1982 4609 2074 4690 potest
2090 4607 2133 4667 irr-

705 4687 917 4767 ndedquecurn
937 4631 1085 4749 ministre
1104 4685 1267 4757 causifiar,
1288 4703 1395 4766 corpo·
1447 4688 1562 4768 rellinus
1588 4687 1710 4770 partium
1737 4689 1868 4768 eorporis
1899 4687 2014 4770 perculsi
2042 4697 2133 4828 insutus
2249 4691 2250 4720 ³

1317 4767 1320 4775 ’
2074 4771 2133 4827 ont.

2249 4887 2250 4918 l
