4586 5658
284 614 287 624 ι
457 443 460 448 ¹
514 499 836 591 Pnrucrrrit
893 455 1374 630 Martialium-‘tn
1588 526 1639 613 31

220 653 428 740 intervallis
449 646 723 740 describantur
756 653 990 738 semicirculi
1016 649 1052 730 E
1067 648 1114 731 A
1128 655 1162 734 F
1177 709 1195 754 π,
1236 655 1277 737 G
1295 653 1390 736 BH
1405 649 1519 743 radiis
1540 653 1645 756 CA,
1673 669 1823 766 laets¹

222 775 314 856 DB
342 773 481 856 bisessi.
543 772 609 873 (b)
644 771 836 858 Trahatut
864 801 1002 885 corpus
1027 769 1073 852 A
1094 770 1274 858 adauctis
1298 773 1441 858 EAF
1461 779 1647 890 puntttim
1673 752 1820 820 Mnus·
1856 779 1860 784 ’

216 887 386 1004 quodvis
428 889 493 990 R,
540 904 581 975 dt
620 888 827 993 (rumino
874 919 1036 1002 corpote
1072 891 1125 993 B)
1170 888 1396 981 demittatur
1428 894 1544 1000 inde,
1586 925 1645 979 te.

216 1009 388 1124 deaeque
426 1013 508 1124 post
540 1041 657 1095 unam
698 1011 975 1095 oscillatione-m
1015 1007 1065 1093 ad
1102 1015 1287 1125 pundum
1318 1013 1368 1101 V.
1454 1019 1516 1101 Est
1555 1011 1658 1097 RV

220 1125 429 1217 retardatio
469 1158 516 1212 ex
558 1129 777 1214 resistentia
800 1138 906 1214 aeris.
990 1131 1119 1236 Hujus
1169 1129 1287 1214 RV
1319 1137 1387 1218 fiat
1421 1132 1450 1214 S
1486 1133 1525 1217 T
1562 1161 1648 1248 pars

219 1273 359 1362 quarta
403 1252 471 1332 sita
515 1255 556 1329 in
598 1244 760 1346 medio,
804 1255 857 1330 ita
892 1247 1035 1334 scilicet
1074 1268 1124 1332 ut
1162 1245 1328 1336 RS&
1358 1251 1396 1330 T
1414 1249 1463 1332 V
1494 1281 1652 1366 aequeti-

181 1391 312 1467 stur,
344 1371 466 1479 sitque
497 1363 580 1445 RS
606 1365 657 1452 ad
688 1365 767 1447 ST
792 1391 834 1450 ut
867 1393 884 1468 3
919 1361 968 1447 ad
995 1399 1035 1450 2.
1107 1369 1157 1452 Et
1185 1368 1571 1454 istaSTexhibebit
1595 1399 1653 1454 re·

219 1482 482 1574 tardationem
510 1494 551 1570 in
582 1482 760 1570 descensu
787 1485 837 1570 ab
862 1483 892 1564 S
914 1480 964 1571 ad
995 1479 1041 1562 A
1067 1488 1398 1601 quamproxime.
1460 1493 1652 1572 Restitua-

205 1631 288 1722 ⁸tur
320 1634 456 1717 corpus
486 1604 523 1686 B
548 1614 587 1687 in
620 1610 751 1689 locum
782 1604 906 1688 suum.
965 1598 1094 1689 Cadat
1121 1635 1260 1721 corpus
1293 1606 1337 1688 A
1367 1603 1417 1690 de
1444 1611 1587 1720 pundo
1612 1606 1653 1708 S,

213 1731 268 1809 ⁸&
295 1729 481 1808 velocitas
501 1728 578 1829 ejus
608 1731 647 1806 in
676 1729 768 1808 loco
798 1723 1015 1837 reflexionis
1045 1719 1091 1802 A
1120 1725 1198 1809 fine
1226 1756 1354 1812 errore
1380 1725 1542 1810 srnfibili
1572 1750 1656 1811 tarn
1686 1783 1690 1792 -

104 1887 106 1890 ·
220 1859 265 1926 ta
292 1850 393 1945 etit,
436 1872 482 1926 ac
515 1845 610 1927 siin
640 1871 767 1929 vacuo
792 1835 989 1926 cecidisset
1022 1837 1076 1934 de
1106 1843 1273 1962 loooT.
1333 1851 1554 1959 Exponatur
1584 1851 1655 1957 igi-

1583 1984 1650 2050 tut

220 2267 257 2319 ”te
277 2258 315 2319 ad
334 2258 465 2338 putidum
482 2255 607 2318 infimum
623 2258 664 2326 B,
693 2257 866 2328 descendet,
884 2257 917 2320 'dt

224 2325 392 2471 trinita
408 2339 800 2471 tristitiam,
877 2337 917 2434 i.
958 2316 997 2396 E
1264 2317 1299 2386 ⁰
1568 2325 1602 2394 F

217 2433 309 2546 'odim
330 2485 485 2546 velocitate
508 2483 629 2572 arnissis,
651 2433 678 2544 vi
697 2431 916 2564 gravit'atissiiff
935 2413 1643 2550 R--M

140 2567 146 2575 ‘
224 2563 355 2642 pellente
368 2561 404 2622 ad
414 2564 544 2642 pontium
555 2559 737 2626 infimumB‚
762 2561 916 2637 relabetur,
948 2583 977 2664 S

223 2639 407 2717 amissamque
434 2655 604 2717 recuperans
622 2637 808 2700 velocitatem
836 2643 916 2704 redi-

225 2711 272 2774 bit
299 2713 334 2775 ad
350 2713 482 2802 punstum
513 2713 558 2780 C,
589 2730 674 2800 atque
700 2719 744 2779 itd
767 2719 917 2783 continuas

222 2789 488 2868 oscillationesiru
508 2795 535 2850 dt
555 2790 647 2852 reditu
660 2793 690 2853 in
709 2793 793 2856 critis
808 2797 917 2874 CBD,
973 2783 1013 2860 T

225 2863 360 2946 perficiet
382 2867 471 2946 (8⁶).
562 2942 569 2954 .

227 2942 919 3108 tristissimisislsiidfsis‘isliisi

226 3113 274 3158 tas
287 3113 335 3155 aut
354 3113 483 3156 centrum
497 3111 652 3156 rotationis
667 3094 779 3167 sistito,
798 3103 920 3178 aquales

226 3177 259 3233 ur
280 3189 422 3252 perpetuat
440 3169 538 3232 sorent
557 3172 745 3252 penduloruin
764 3175 924 3240 oscillatio-

226 3267 302 3320 nes,·
322 3247 418 3310 veriam
434 3245 489 3306 lias
507 3249 546 3305 ob
574 3246 669 3336 causas
688 3249 801 3340 fingulis
826 3255 920 3317 vibra·
966 3249 1073 3316 census
1094 3263 1235 3334 neque'ex
1246 3249 1355 3342 pundo
1374 3253 1505 3334 supremo
1522 3254 1549 3312 R
1567 3258 1663 3334 neque'

226 3321 369 3390 tionibus,
386 3323 459 3385 licet
474 3323 683 3394 insensibiliter,
702 3327 838 3389 iiiinuitur
856 3343 924 3410 pen·
974 3350 1009 3392 ex
1032 3330 1131 3393 intimo
1148 3335 1174 3391 V
1191 3333 1344 3399 ordiatur,
1362 3351 1427 3392 nam
1439 3351 1504 3391 curn
1520 3332 1612 3410 major
1630 3329 1665 3390 fit

224 3399 292 3460 'duli
314 3401 472 3470 velocitas,
493 3399 630 3477 arcusque
650 3401 789 3462 continuo
810 3405 925 3468 brevio·
974 3406 1064 3470 medii
1082 3408 1240 3470 retardatio
1256 3406 1287 3468 in
1313 3426 1381 3468 arcu
1395 3405 1507 3486 ‘majori
1528 3426 1613 3486 quarn
1635 3406 1666 3466 in

124 3517 131 3528 ·
228 3493 278 3538 res
294 3475 430 3540 describit
442 3496 480 3536 nc
499 3475 615 3538 tandem
628 3477 748 3538 omnind
760 3477 893 3558 quiescit.
972 3482 1103 3552 minori,
1121 3483 1289 3574 semperque
1311 3485 1380 3544 'fiant
1397 3483 1523 3546 minores
1543 3503 1624 3544 arcus
1644 3483 1666 3542 ὲ

227 3553 527 3712 pertissimi
550 3553 923 3710 aestimastis
974 3560 1099 3697 qgipg
1127 3557 1667 3699 trististristis’istria

227 3708 292 3796 ris,
312 3696 418 3768 suntin
439 3710 542 3787 pundo
562 3706 660 3768 infimo
680 3723 712 3768 ut
730 3708 924 3774 arcuum'des·
973 3657 1103 3781 struitis,
1123 3718 1150 3774 δι
1170 3713 1329 3775 retardatio
1346 3711 1497 3789 descensus
1516 3731 1567 3792 per
1619 3713 1667 3798 .A’

226 3798 274 3850 'cri
297 3799 394 3864 torum
414 3783 530 3844 chordae
550 3783 638 3860 (88).
968 3789 1069 3868 maior
1087 3790 1144 3852 erit
1160 3789 1260 3868 quartis
1278 3805 1358 3870 parte
1382 3790 1472 3851 torius
1489 3791 1666 3849 retardatio-

268 3804 329 3940 ᾗ)
367 3881 416 3932 94·
444 3861 586 3922 Trahatut
603 3879 705 3942 corpus
722 3867 769 3930 A,
788 3862 824 3923 ad
843 3863 924 3925 arcsls
973 3865 1018 3924 nis
1032 3868 1097 3927 RV
1117 3881 1148 3926 ut
1163 3865 1320 3929 retardatio
1339 3866 1434 3927 ultimi
1449 3865 1575 3928 aseensus
1592 3866 1668 3931 AV,

222 3939 293 4004 'EA
309 3941 350 4008 F,
372 3940 502 4018 punsium
525 3935 645 4022 quodvis
665 3941 716 4005 R,
738 3944 764 3998 ἃ
786 3939 924 4002 demitta-
972 3940 1070 4010 mitior
1087 3941 1144 4002 erit
1160 3943 1262 4019 quarrs
1282 3959 1362 4022 patre
1385 3942 1473 4003 totius
1491 3937 1666 4003 retardatio·
1713 4003 1726 4019 ,Ι

203 4014 380 4094 “ω,ἰιιάὲ,
399 4011 507 4074 sublatas
524 4011 612 4073 medii
630 4013 784 4074 refluentia
803 4014 838 4076 ad
856 4029 924 4076 ean·
974 4015 1018 4074 nis
1037 4019 1116 4076 RV.
1166 4022 1232 4079 Hoc
1257 4033 1355 4079 autem
1379 4035 1428 4079 aut
1454 4015 1536 4079 simili
1553 4012 1667 4076 calculo

227 4095 305 4156 dem*
321 4081 505 4154 altitudinem
524 4091 576 4152 M,
606 4088 761 4152 ascendere
783 4094 809 4148 &
832 4091 924 4151 rursus
976 4090 1177 4154 determinavit
1193 4091 1359 4156 Newtonus
1380 4097 1511 4174 putidum
1532 4095 1549 4152 S
1567 4092 1625 4153 tale
1637 4105 1668 4149 ut

86 4161 128 4179 ''
226 4170 266 4237 ad
290 4170 488 4248 ponderali,
508 4161 603 4251 redire
622 4165 708 4252 debet
726 4166 816 4246 (92).
848 4169 925 4229 Cum
975 4167 1135 4230 retardatio
1159 4167 1190 4230 in
1216 4167 1354 4232 descensu
1379 4190 1429 4252 per
1454 4174 1508 4232 SA
1534 4168 1567 4232 sit
1588 4185 1669 4247 quar·

226 4261 330 4312 aurem
350 4243 411 4328 post
436 4257 520 4304 uriam
542 4240 756 4304 oscillationem
779 4263 815 4303 eii
836 4244 877 4306 itu
897 4248 925 4304 δι
976 4259 1007 4304 ta
1025 4265 1087 4326 pars
1109 4244 1199 4306 totius
1223 4246 1426 4310 retardationis
1449 4249 1528 4308 RV.
1574 4244 1669 4308 Dica-

227 4323 329 4390 reditu
358 4320 545 4401 compositam
574 4317 721 4398 perveniat
748 4323 763 4398 (
770 4339 805 4381 ex
831 4317 926 4403 hyp.)
977 4339 1023 4382 tur
1043 4341 1125 4384 arcus
1141 4321 1168 4383 R
1183 4328 1227 4393 A,
1253 4345 1287 4392 r,
1306 4343 1387 4384 arcus
1401 4327 1485 4393 RV,
1504 4324 1568 4396 abr
1587 4339 1669 4382 arcus

227 4402 267 4472 ad
287 4402 422 4482 putidum
440 4403 488 4467 V,
516 4415 596 4458 arcus
615 4397 642 4454 R
665 4396 839 4476 Verrponet
854 4417 923 4459 ine-
976 4398 1103 4478 quasitot
1125 4400 1183 4461 SA
1204 4421 1244 4476 κς
1262 4399 1372 4479 finique
1396 4400 1606 4464 retardationes
1622 4414 1669 4458 ar-

227 4476 273 4540 dii
302 4475 531 4539 retardationem
559 4469 590 4532 in
613 4469 723 4552 duplici
751 4472 867 4561 ascensu
896 4479 924 4535 &
975 4479 1063 4536 cubus
1079 4473 1231 4554 descriptis
1252 4497 1305 4557 pro
1326 4473 1497 4548 ortionales,
1515 4476 1572 4539 erit
1588 4493 1669 4562 arcus
1701 4519 1708 4526 .

226 4552 370 4620 'descensu
379 4576 390 4626 5
417 4552 503 4632 quare'
521 4565 552 4610 ut
572 4546 709 4610 habeatur
725 4547 815 4608 medii
835 4565 924 4612 tetar-
976 4553 1036 4612 SA
1050 4550 1109 4630 (x)
1131 4553 1168 4612 ad
1178 4569 1274 4612 atoum
1290 4497 1325 4612 ss
1332 4557 1358 4613 A
1378 4551 1441 4632 (i)
1458 4571 1489 4616 ut
1507 4553 1667 4616 retardatio

166 4679 169 4686 ,
227 4629 317 4692 'elatio
336 4628 440 4690 inuno
458 4642 568 4688 tantum
584 4623 719 4686 descensu
735 4624 869 4686 sumenda
885 4625 925 4688 esi
970 4646 1058 4688 arcus
1068 4627 1192 4705 SAqv'ae
1202 4627 1329 4689 statuitur
1339 4629 1394 4691 esse
1401 4629 1426 4695 b,
1436 4630 1485 4692 seu
1494 4648 1595 4712 quarta
1604 4643 1667 4706 pate

231 4721 412 4788 quartapars
428 4702 516 4767 totius
529 4700 732 4764 retardationis
744 4701 824 4764 idest
842 4723 925 4782 quat·
980 4703 1071 4776 totius
1090 4706 1118 4764 R
1133 4706 1180 4768 V,
1208 4703 1245 4765 ad
1263 4705 1497 4795 ‘retardationem
1518 4704 1601 4787 primi
1619 4721 1667 4764 ar·
1711 4738 1713 4742 >

227 4796 461 4865 reportaretis
481 4783 511 4844 R
529 4779 576 4869 ,νᾳ
609 4779 766 4860 ,dumoso
786 4779 842 4847 ciue
860 4779 925 4846 des·
977 4779 1346 4924 ρυεῙὶΑςυκθῐὶιῦεέε.
1374 4771 1666 4926 Quartantursuccfiesj

1367 4881 1384 4923 a
1635 4878 1667 4922 ve
