4586 5658
422 463 1310 558 nurnettrr'tartnanrrrcr.
1392 555 1396 564 ,
1536 487 1584 574 59

178 625 346 708 imanu
375 603 564 732 urgetur,
604 613 654 700 ad
678 601 926 701 uelocitatem
965 619 1237 730 progresstvam
1265 614 1434 702 cochleae
1465 615 1590 699 versus
1615 609 1768 753 ffffl,

178 770 316 854 corpus
344 733 516 851 pressum.
590 729 667 834 (k)
697 741 807 822 Vires
840 737 977 848 quibus
1009 738 1165 821 Cuneus
1203 759 1314 851 urget
1346 760 1470 848 partes
1498 731 1612 818 duas·
1657 707 1768 766 ⁰⁷⁰⁵*

125 855 126 858 Ὺ
177 863 271 974 ligni
299 858 368 940 fiffi
402 852 558 939 suntad
589 861 670 938 vim
701 857 830 938 mallei
856 864 895 938 in
923 883 1123 954 cuneum,
1165 877 1208 938 ut
1240 849 1450 968 progressus
1480 860 1593 938 cunei

176 971 385 1060 secundum
430 972 794 1058 determinationem
827 982 883 1056 vis
925 978 946 1058 ὲ
983 977 1125 1059 malleo
1163 982 1204 1056 in
1235 974 1356 1086 ipsum
1388 969 1595 1086 imprelsae,

180 1091 246 1208 ad,
263 1099 514 1178 velocitatem
543 1097 618 1203 qui
655 1121 780 1204 partes
812 1095 903 1206 ligni
938 1089 1082 1177 cedunt
1118 1120 1270 1193 ctmeo,
1315 1089 1523 1178 seeundum
1554 1095 1598 1174 li-

178 1241 268 1296 neas
301 1211 471 1296 faciebus
508 1220 619 1295 cunei
647 1207 989 1324 perpendiculares.
1067 1213 1116 1295 Et
1150 1239 1219 1326 par
1244 1216 1297 1298 est
1331 1218 1429 1297 ratio
1457 1211 1602 1298 machi·

178 1359 314 1415 narum
344 1359 547 1412 omnrum.

239 1453 391 1534 Harum
422 1451 593 1532 efficacia
625 1460 666 1533 δι
697 1449 778 1531 usus
802 1453 842 1531 in
868 1476 916 1531 eo
945 1446 1024 1530 solo
1058 1451 1244 1549 consistit,
1276 1471 1320 1533 ut
1350 1442 1603 1532 dimInuendo

53 1577 63 1590 “
181 1572 429 1651 velocitatem
460 1596 664 1678 augeamus
688 1575 798 1666 uim,
829 1581 871 1653 δι
899 1591 1055 1650 contra:
1085 1563 1210 1652 Unde
1240 1566 1396 1652 solvitur
1422 1572 1463 1650 in
1494 1571 1604 1650 omni

182 1709 361 1798 aptorum
391 1689 728 1769 instrumentorum
752 1713 893 1797 genere
925 1685 1151 1797 problema,
1183 1687 1336 1768 Datum
1364 1681 1505 1801 pandus
1537 1681 1604 1764 da.

183 1799 227 1883 td
258 1807 302 1882 vi
338 1801 539 1902 mouendi,
581 1806 744 1887 aliamve
771 1801 901 1888 datam
936 1804 1178 1888 resistentiam
1210 1811 1249 1890 vi
1277 1799 1366 1888 dati
1395 1800 1605 1915 superandi.

182 1925 290 2006 Nam
318 1921 344 2004 st
369 1923 556 2006 machinae
585 1930 638 2005 ita
665 1920 908 2021 formentur,
940 1944 984 2005 ut
1012 1926 1238 2008 velocitates
1267 1928 1479 2036 agentis&
1507 1919 1606 2006 refis·

181 2049 297 2124 tentis
328 2041 399 2122 fint
430 2039 627 2151 reciproci
660 2063 703 2123 ut
728 2050 848 2132 siresa
886 2068 1002 2158 agens
1030 2044 1275 2132 resistentiam
1304 2039 1520 2125 sustinebit:
1563 2053 1607 2124 δε

183 2163 318 2264 tnajori
341 2187 431 2240 cum
465 2163 713 2241 velocitatum
747 2155 961 2268 disparitate
999 2159 1061 2261 (¹)
1091 2157 1254 2244 eandem
1282 2167 1423 2244 vincet.
1484 2156 1606 2244 Certe

185 2278 343 2370 intanta
372 2277 417 2357 stt
442 2279 693 2358 velocirarum
718 2270 941 2384 disparitas,
979 2301 1023 2360 ut
1049 2285 1226 2359 vincatur
1256 2287 1376 2360 ctiam
1404 2278 1607 2361 refistentia

105 2499 107 2504 Α
185 2401 335 2488 omnis,
369 2421 452 2503 quae
481 2415 562 2476 tam
592 2422 639 2475 ex
667 2401 940 2504 contiguorum
973 2403 1015 2478 δι
1039 2401 1139 2478 inter
1166 2395 1203 2477 se
1232 2395 1444 2478 labentium
1468 2421 1607 2506 corpo.

184 2540 272 2596 rum
298 2516 521 2610 attritione,
563 2538 681 2623 quam
712 2541 760 2594 ex
789 2520 1069 2596 continuorum
1095 2511 1209 2594 &ab
1240 2519 1409 2598 invicem
1436 2511 1607 2622 separan-

183 2628 326 2712 dorum
362 2629 584 2712 cohaefione.
613 2642 654 2713 ic
684 2625 962 2738 elevandorum
1006 2623 1240 2742 ponderibus
1272 2639 1363 2715 oriri
1396 2629 1522 2720 solet;
1552 2628 1609 2716 su-

184 2749 316 2861 perati
343 2755 452 2830 omni
484 2749 529 2831 et
562 2750 794 2847 refistentii,
835 2755 892 2830 vis
924 2743 1142 2833 redundans
1176 2755 1497 2834 accelerationem
1523 2775 1610 2831 mo-

184 2889 247 2950 tus
276 2863 342 2946 fibi
367 2869 719 2977 proportionalem,
762 2873 904 2976 partim
938 2875 979 2949 in
1014 2867 1184 2978 parribus
1210 2868 1429 2964 machinae,
1469 2874 1612 2977 partim

187 2994 417 3104 incorpore
448 2987 636 3071 resiliente
670 2979 894 3099 producet..
951 2987 1148 3072 caretum
1179 2987 1452 3074 mechanicam
1477 2987 1612 3070 tratta-

1565 3133 1610 3192 rc

185 3355 319 3424 nubrium
343 3355 469 3420 circuma
489 3359 562 3420 entis
584 3373 615 3418 ιιι
637 3359 799 3440 peripheria
822 3361 876 3422 eir·
927 3359 1009 3441 ipsius
1029 3360 1311 3444 perpendicularem,
1331 3375 1424 3422 totam
1444 3360 1520 3422 suam
1540 3357 1614 3421 alti-

188 3433 249 3520 culi
275 3433 409 3512 praedido
432 3378 514 3520 radio
541 3433 676 3515 descripti
707 3437 745 3499 ad
774 3435 877 3500 distan-
927 3435 1056 3500 tudinem
1077 3439 1241 3520 percurrit,
1259 3439 1326 3498 «lum
1346 3457 1440 3516 partes
1459 3436 1533 3518 ligni
1551 3435 1615 3496 toti

187 3525 260 3576 narn
277 3509 393 3570 duarum
409 3508 545 3570 helrcum.
927 3512 997 3574 baiis
1014 3515 1099 3579 cunei
1117 3513 1270 3577 latitudine
1290 3517 1309 3575 i
1329 3512 1358 3573 se
1377 3512 1501 3574 invicem
1521 3531 1616 3574 remo·

229 3587 243 3660 (
254 3583 293 3660 k)
334 3605 396 3662 ¹03·
418 3590 596 3648 Momentum
615 3585 699 3648 cunei
720 3585 761 3647 eli
775 3603 806 3648 ut
819 3589 878 3651 fac·
931 3607 1054 3660 ventur,
1073 3592 1130 3652 erit
1151 3591 1200 3669 (in
1221 3591 1287 3654 casu
1306 3587 1482 3668 equilibrii)
1495 3589 1542 3648 'vis
1564 3608 1615 3650 cu-

189 3668 253 3726 Ιιιιιιι
270 3661 397 3744 ,(ιοι),
416 3681 451 3722 ex
472 3661 499 3722 vi
519 3661 649 3742 inpressa
672 3665 698 3722 a·
717 3663 824 3726 malleo
848 3663 879 3726 in
896 3743 897 3748 η
929 3664 978 3726 nei
1002 3665 1039 3726 ad
1058 3666 1131 3756 ligni
1151 3665 1347 3732 abstentiam,
1363 3681 1395 3725 ut
1411 3663 1496 3728 cunei
1514 3665 1617 3727 altitu·

191 3754 278 3800 cunei
296 3735 505 3808 velocitatem,
534 3738 581 3798 scu
599 3738 629 3799 in
656 3739 778 3816 spatium
800 3742 879 3821 quod
930 3741 969 3801 do
987 3741 1023 3804 ad
1042 3741 1225 3804 latitudinem
1247 3743 1328 3817 ipfius
1351 3743 1429 3803 basis.
1550 3807 1560 3821 ,

189 3813 262 3874 dato
284 3828 414 3889 ternpore
435 3814 576 3893 percurrit
599 3834 704 3876 cuneus
726 3815 879 3878 secunditm
968 3817 1033 3896 (¹)
1073 3839 1137 3890 104.
1159 3819 1352 3880 Attritionem
1373 3817 1420 3879 sen
1435 3816 1619 3880 frictionem.

189 3885 384 3950 direffionem
403 3887 482 3949 visa
505 3891 612 3977 malleo
633 3891 782 3980 impreliae3
812 3913 880 3953 mo-
929 3891 1057 3972 aliasque
1088 3893 1256 3958 residentiae
1282 3915 1318 3956 ex
1346 3893 1465 3956 ctaffitie
1488 3891 1619 3972 rigidita-

191 3979 322 4026 mentum
345 3965 413 4024 verb
433 3963 591 4028 resistennae
613 3967 635 4027 li
656 3987 686 4026 m
708 3988 802 4032 cuneo
827 3969 880 4030 fin·
932 3985 961 4030 te
984 3975 1011 4028 δι
1036 3967 1146 4032 funium
1172 3970 1296 4032 flexione
1321 3985 1400 4033 ortas
1423 3971 1452 4030 in
1477 3966 1619 4028 machinis

188 4039 282 4104 ‘tlendi
310 4037 350 4100 est
374 4040 527 4102 ursatium
548 4061 583 4103 ex
607 3987 658 4104 ilfi
678 4042 830 4106 refilientii
849 4044 889 4120 in,
929 4043 1108 4108 confiderare
1129 4045 1268 4109 necessum
1291 4045 1350 4115 est,
1370 4063 1468 4126 graves
1489 4042 1621 4124 alioquin
1673 4057 1676 4064 ’

191 4117 400 4181 velocitatem,
419 4117 476 4194 quai
494 4135 587 4196 partes
608 4115 629 4179 li
651 4119 680 4180 ni
699 4122 806 4181 cedunt
826 4141 878 4183 eu·
929 4119 960 4179 in
996 4121 1054 4182 taxi
1071 4141 1184 4184 errores
1202 4121 1392 4184 nascerentur.
1689 4135 1693 4145 ·

190 4213 253 4256 neo
273 4189 427 4280 secundina
449 4191 537 4282 lineas
561 4141 687 4257 faciebus
710 4197 793 4258 cunei
814 4217 881 4278 per·
970 4141 997 4258 sl

191 4268 417 4352 pendtculares,
448 4271 530 4347 luxti
552 4289 670 4348 quarum
684 4273 881 4336 'directionem
932 4271 1111 4343 leibnitius,
1131 4275 1346 4345 Amontonius,
1376 4275 1541 4343 Patentius,
1561 4275 1618 4334 ta·
1672 4337 1674 4340 ,

184 4362 289 4428 'partes
305 4344 379 4426 ligni
398 4346 414 4406 al
435 4365 529 4406 cuneo
550 4364 719 4419 moventur,
739 4351 779 4410 eli
793 4351 882 4412 etiam
933 4347 1030 4412 l-lirius
1045 4355 1072 4410 &
1084 4351 1134 4412 alii
1153 4355 1317 4413 tratiarunt.
1346 4351 1519 4440 Bulfingetur
1529 4351 1616 4411 Toto.

191 4438 376 4487 momentum
395 4420 555 4484 refistentiae
572 4439 604 4484 ut
627 4425 784 4489 factumest
804 4428 883 4488 rests·
934 4433 978 4488 ιθ.
1005 4427 1173 4489 Comment.
1203 4429 1294 4488 Acad.
1319 4431 1470 4507 Petropol.
1491 4427 1527 4488 ad
1551 4443 1617 4492 ten·

164 4495 288 4560 'rentii
301 4497 372 4576 ligni
385 4497 414 4558 in
426 4499 545 4577 spatium
558 4501 637 4578 quod
650 4517 744 4580 partes
755 4502 826 4582 ligni
837 4505 883 4565 da·
933 4503 1049 4562 eandam
1067 4503 1270 4582 experimentis
1285 4502 1448 4564 frictionem
1461 4501 1619 4565 mensuram
1677 4559 1678 4564 ,

192 4593 231 4638 ao
249 4588 390 4660 'tempore
409 4573 592 4646 describunt,-
619 4577 771 4640 secunditm
794 4579 884 4640 lineas
935 4577 994 4637 duo
1017 4578 1157 4657 proponit
1176 4579 1358 4640 theoremata
1379 4598 1440 4658 qua
1460 4584 1499 4640 ob
1519 4597 1620 4640 eorum

192 4650 326 4742 faciebus
344 4651 428 4711 cunei
447 4652 705 4733 perpendiculares.
734 4655 885 4730 Quoniam
937 4651 1109 4714 facilitatem
1141 4654 1269 4718 &usum
1296 4653 1347 4716 bic
1372 4657 1531 4722 exscribere
1560 4672 1620 4716 non

191 4743 286 4808 agitur
301 4743 408 4801 cuneus
424 4747 511 4808 agens
532 4729 685 4796 secundum
701 4733 809 4798 lineam
829 4729 886 4802 buli
936 4731 986 4793 abs
1008 4747 1040 4794 rc
1062 4728 1128 4801 crit.
1274 4809 1304 4874 H
1531 4803 1550 4870 S
1601 4805 1621 4870 ὲ

1343 4829 1360 4872 a
1552 4821 1600 4888 upr
1744 4835 1747 4842 ·

999 4217 1053 4258 ane
1094 4197 1241 4260 difficilem
1279 4199 1429 4260 materiam
1461 4197 1619 4268 sturmius,
