4502 5662
707 403 1208 496 PARAEFATIO
1556 441 1713 512 xxix

207 541 301 634 dam
326 541 482 630 credere
500 549 640 634 velint;
672 539 870 628 videamus
906 572 987 654 quo
1013 542 1169 630 tandem
1195 565 1371 656 oporteat
1399 551 1465 632 illo
1489 567 1712 662 pervenire.-

267 667 339 746 Vel
356 675 469 749 enim·
484 659 616 748 dicent
634 664 747 756 hanc,
779 693 898 770 quarn
920 667 1173 774 confingunt,
1205 663 1341 748 mundi
1368 698 1434 778 per
1454 681 1583 754 omnia
1604 683 1714 787 pleni

209 785 522 868 constitutionem
544 810 592 864 ex
608 785 806 862 voluntate
836 776 899 860 dei
923 782 1134 890 ptoseelam
1156 780 1248 879 else,
1283 809 1438 894 propter
1461 819 1550 872 eum
1576 795 1712 894 finem,

208 921 251 984 ut
278 901 564 1010 operationibus
592 923 734 980 naturae
763 894 965 980 subsidium
998 901 1155 1008 praesens
1188 901 1319 984 haberi
1341 901 1460 1013 pollet
1491 908 1539 988 ab
1572 914 1712 996 aetlrete

205 1019 441 1102 subtilissimo
468 1021 604 1101 cunila
627 1041 848 1127 permeante
869 1030 909 1098 iic
929 1023 1135 1126 implente;
1167 1015 1273 1126 quod
1293 1045 1422 1102 tamen
1442 1021 1518 1106 dici
1538 1055 1618 1110 non
1635 1060 1710 1140 po,

207 1143 299 1232 test,
331 1133 521 1240 siquidem
541 1143 617 1240 jam
642 1131 828 1216 ostensam
855 1138 969 1216 estex
997 1162 1236 1219 cometarum
1256 1143 1528 1246 phoenomenis,
1561 1151 1710 1230 nullam-

205 1251 278 1337 else
303 1256 412 1359 hujus
434 1255 581 1336 aetheris
603 1253 843 1336 efficaciam:
871 1257 933 1334 uel
955 1248 1086 1334 dicent
1113 1283 1160 1335 ex
1183 1259 1379 1338 voluntate
1404 1256 1467 1339 dei
1496 1262 1708 1370 profestam

205 1368 298 1469 elle.
324 1395 479 1482 propter
496 1373 614 1456 finem
640 1374 806 1478 aliquem
825 1380 1017 1479 ignorumt
1048 1368 1157 1480 quod
1172 1401 1299 1482 neque
1323 1371 1400 1458 dici
1429 1373 1545 1460 debet
1559 1433 1571 1476 ,
1599 1385 1710 1493 siqui-

205 1483 297 1572 dem
341 1487 486 1572 diversa
518 1485 653 1572 mundi
670 1581 674 1590 ¹
692 1491 917 1570 constitu-rio·
948 1483 1093 1570 eodem·
1111 1565 1114 1582 ,
1131 1515 1356 1598 argumento
1389 1503 1528 1603 paritet
1557 1501 1708 1586 stabiliri

204 1603 346 1719 pollet:
396 1610 459 1690 vel
482 1601 650 1717 denique
686 1633 766 1686 non
793 1602 925 1686 dicent
955 1634 1003 1688 ex
1039 1610 1235 1688 voluntate
1270 1603 1332 1690 dei
1363 1609 1574 1718 profetiam
1608 1615 1707 1717 else,

205 1723 269 1810 sed
298 1755 345 1810 ex
372 1727 589 1808 necessitate
616 1719 781 1834 quidam
810 1745 963 1806 naturae.
1039 1719 1219 1805 Tandem
1250 1735 1363 1835 igitur
1393 1727 1520 1812 delabi
1554 1759 1710 1844 oportet

203 1850 243 1927 in
270 1843 380 1926 saeces
404 1837 570 1926 sordidas
587 1851 712 1951 gregis
737 1841 985 1950 impurissimi.
1046 1833 1098 1923 Hi
1124 1843 1208 1923 sunt
1225 1853 1290 1952 qui
1319 1839 1510 1929 somniant
1526 1848 1605 1932 sato
1625 1863 1708 1936 uni.

201 1963 308 2044 versa
333 1967 431 2071 regi,
462 1989 546 2042 non-1
563 1954 834 2072 providentia3
862 1965 1064 2040 materiam
1085 1987 1131 2040 ex
1159 1961 1375 2045 necellitate
1400 1965 1460 2046 sui
1491 1963 1637 2079 semper
1662 1983 1705 2056 δι

202 2081 347 2191 ubique
376 2073 565 2174 extitisse,
610 2079 799 2160 infinitam
833 2071 905 2156 elle
938 2087 978 2158 lic
1013 2101 1205 2159 aternam.
1268 2081 1420 2185 Quibus
1448 2087 1574 2190 positis
1594 2117 1606 2176 ς
1637 2097 1710 2172 erit

203 2207 322 2280 etiam
347 2191 595 2304 undiquaque
613 2195 843 2275 uniformis:
874 2221 963 2272 nam
983 2202 1144 2276 varietas
1170 2196 1381 2278 formarum
1402 2227 1491 2280 cum
1517 2205 1710 2287 neceshta·

203 2340 242 2398 te
261 2316 425 2396 omnino
446 2335 599 2421 pugnat.
661 2315 745 2392 Erit
767 2319 882 2392 etiam
913 2317 1100 2390 immota:
1131 2341 1220 2394 nam
1238 2315 1263 2392 li
1283 2312 1489 2396 necessario
1508 2349 1710 2405 moveatur

203 2442 245 2514 in
275 2436 427 2542 plagam
460 2433 627 2538 aliquam
645 2423 978 2514 determinatamr
1012 2455 1100 2508 cum
1126 2425 1383 2513 determinata
1406 2435 1532 2542 aliqua
1561 2443 1710 2521 veloci-

202 2571 309 2652 tate3
340 2557 420 2659 pati
437 2547 652 2630 necessitate
670 2545 890 2626 movebitur
919 2553 957 2626 in
978 2549 1133 2656 plagam
1164 2545 1349 2630 diversam
1369 2577 1460 2631 eum
1479 2549 1622 2637 diversa
1641 2587 1711 2639 ve-

202 2671 372 2763 locitate,
406 2675 445 2750 in
463 2668 590 2775 plagas
614 2686 742 2744 autem
765 2659 938 2758 diversam,
970 2691 1058 2745 cum
1077 2661 1229 2746 diversis
1246 2667 1525 2768 velocioribus,
1558 2686 1714 2761 moveri*

203 2817 282 2868 non
304 2790 438 2894 potest3
470 2805 626 2890 oportet
646 2789 759 2888 igitur
780 2778 1087 2875 immotameise.
1137 2786 1376 2894 Neutiquam
1398 2789 1569 2896 proseslb
1586 2801 1711 2900 potuit

205 2912 294 2989 oriri
313 2899 493 2995 mundus,
524 2899 785 3008 pulcherrima
807 2897 1018 2982 formarum
1047 2915 1087 2983 δι
1109 2925 1287 2984 motuum
1306 2911 1486 2986 varietate
1505 2903 1709 3008 distinsius‚

203 3025 269 3106 nist
293 3050 340 3102 ex
364 3021 559 3102 liberrimi
583 3021 782 3100 voluntate
812 3023 962 3101 cunila
980 3015 1214 3127 providentis
1238 3031 1278 3102 δι
1302 3019 1548 3130 gubernantis
1575 3023 1650 3112 dei.

262 3144 318 3223 Ex
342 3139 418 3218 hoc
444 3146 559 3246 igitur
586 3134 695 3232 fonte
721 3160 995 3245 promanarunt
1012 3139 1085 3218 tllae
1109 3165 1244 3218 omnes
1263 3167 1346 3247 quae
1371 3134 1551 3227 dicuntur
1566 3169 1716 3233 naturae

202 3264 326 3368 leget:
357 3266 399 3338 in
425 3255 710 3362 quibusmulta
744 3255 828 3336 sane
855 3253 1105 3361 sapientissimi
1145 3257 1319 3350 confini,
1353 3263 1455 3340 nulla
1484 3265 1721 3348 necelhtatisx

203 3399 385 3484 apparent
408 3375 575 3482 vestigia.
640 3373 724 3451 Has
746 3367 911 3481 proinde
938 3399 1017 3452 non
1041 3371 1089 3452 ab
1118 3380 1271 3454 incertis
1299 3379 1525 3480 conjeeiuris
1551 3403 1680 3488 petere
1696 3445 1710 3480 ,a

202 3489 265 3573 sed
291 3487 531 3574 observando
547 3511 663 3597 atque
682 3485 919 3598 experiendo
944 3485 1354 3574 addisceredebemus.
1417 3491 1720 3608 Qui'verephy..

201 3611 284 3692 ficae
308 3616 499 3720 principia·
517 3607 695 3718 legesque
716 3636 871 3704 rerum,
904 3605 978 3688 sola
1004 3615 1143 3688 mentis
1161 3617 1198 3688 vi
1213 3619 1264 3690 ’δι
1291 3615 1442 3692 interno
1469 3619 1624 3696 rationis
1646 3621 1709 3698 lu·

202 3735 309 3810 mine
332 3727 500 3822 fretum,
534 3732 706 3807 invenire
732 3723 768 3804 se
797 3719 896 3836 posse
923 3722 1085 3807 confidit
1100 3757 1110 3814 3
1149 3726 1253 3808 hunc
1280 3753 1436 3838 oportet
1461 3733 1522 3810 vel
1548 3736 1721 3816 statuere·

201 3842 390 3945 mundum
420 3874 468 3926 tx
490 3845 706 3925 necessitate
724 3841 841 3942 fuisse,
865 3843 1042 3952 legesque
1065 3846 1273 3952 propositas
1297 3873 1344 3925 ex
1359 3843 1494 3928 eadem
1515 3852 1720 3934 neceffitaa

199 3989 237 4046 te
255 3964 380 4074 scquir
390 3966 450 4042 vel
469 3964 576 4068 fiper
591 3962 830 4043 voluntatem
848 3955 911 4040 dei
928 3965 1150 4042 constitutus
1167 3965 1210 4043 fit
1227 3957 1326 4041 ordo
1341 3987 1497 4060 naturae,
1513 3964 1547 4044 se
1561 3989 1707 4068 tamen,
1893 4029 1895 4036 >

199 4083 503 4164 homuncionem
523 4079 711 4160 misellum
732 4138 742 4171 ‚
774 4076 868 4188 quid
888 4086 1080 4187 optimum
1108 4080 1208 4161 fanu
1227 4081 1271 4160 fit
1297 4079 1535 4190 perspesium
1553 4083 1720 4172 habere..

200 4205 298 4285 Sana
319 4207 444 4282 omnis
462 4207 503 4280 δι
519 4226 608 4278 vera
621 4193 863 4305 Philosophia
879 4191 1057 4277 fundatur
1075 4204 1114 4276 in
1131 4197 1395 4306 phaenomenit
1412 4227 1554 4280 rerum:
1584 4231 1668 4313 quae
1680 4207 1719 4288 fi³

199 4347 271 4404 nos
291 4323 352 4400 vel
368 4324 510 4400 invitos
528 4327 569 4399 δι
586 4317 816 4395 reluiiantes
831 4311 880 4398 ad
897 4309 1107 4419 hujusmodi
1131 4323 1312 4426 principii
1331 4312 1552 4412 deducunt,·
1573 4328 1611 4400 in
1627 4331 1722 4432 qui.-

200 4438 270 4521 bus
294 4436 492 4519 clarissime
520 4455 728 4517 cernuntur
754 4437 953 4516 confilium
990 4437 1180 4542 optimum
1212 4431 1489 4520 &dominium
1519 4437 1721 4524 summum.

200 4555 519 4666 sapientissimi&
542 4551 789 4665 potentisfimi
816 4560 929 4637 entis3
949 4580 1027 4634 non
1052 4576 1163 4633 erunt
1179 4554 1260 4650 haec
1283 4549 1372 4633 ideo
1398 4579 1477 4636 non
1506 4551 1723 4640 admitten,

199 4669 257 4759 da,
274 4683 480 4836 principia,
515 4670 623 4786 quod
644 4664 871 4786 quibusdam
891 4667 1256 4891 {sssnphssmiffbus
1276 4677 1403 4756 minus
1429 4695 1535 4783 grata
1552 4675 1719 4878 suntpusp.a
