4502 5662
502 384 830 510 Pnrvcrrrn
885 381 1364 470 Marnrmnrrcni
1610 414 1639 496 7

223 536 331 641 ‚Quo
353 539 480 618 minor
499 533 613 616 fuerit
635 535 712 638 ejus
740 537 902 644 gravitas
921 560 992 644 pto
1013 538 1223 642 quantitate
1245 540 1413 616 materiae
1436 509 1639 645 vesmajor
1667 539 1829 598 limi*
1934 613 1937 616 ,
2021 573 2023 576 ·

232 656 422 738 velocitas⁴
446 653 611 762 quicum
636 653 855 762 projicitur,
895 679 943 733 eo
968 659 1092 734 minus
1125 645 1293 736 deviabit
1316 683 1338 736 a
1370 653 1477 740 cursu
1506 659 1643 739 redili-
1669 628 1828 688 ⁷¹⁰⁸¹⁸²

232 800 307 853 nco
335 783 377 856 δε
402 774 552 882 longius
571 793 723 881 perget.
791 769 840 852 Si
860 769 1008 851 Globus
1037 767 1260 880 plumbeus,
1300 765 1390 854 data
1416 800 1507 854 cum
1537 777 1642 856 velo.

220 899 347 982 ,citare
372 884 578 972 secundum
610 892 751 970 lmeam
784 888 1066 970 horizontaiem
1095 918 1117 969 a
1145 895 1290 972 montis
1315 893 1470 1000 alicujus
1497 899 1642 976 vertice

229 1016 269 1092 vi
299 1013 463 1120 pulveris
498 1015 737 1092 tormentarii
773 1009 990 1115 projeetus,
1029 1031 1205 1122 pergeret
1232 1015 1273 1091 in
1308 1012 1407 1093 linea
1438 1037 1555 1094 curva
1592 1005 1642 1100 ad

230 1123 445 1211 distantiam
480 1122 645 1209 duorum
667 1129 916 1225 milliarium,
947 1124 1164 1238 priusquam
1190 1134 1229 1209 in
1257 1149 1398 1211 terram
1426 1123 1639 1214 decideret:

210 1247 295 1349 ¹hic
327 1242 443 1357 dupla
469 1273 565 1329 cum
592 1247 798 1327 velocitate
825 1248 928 1356 quast
956 1241 1073 1354 dupio
1097 1248 1248 1354 longius
1273 1268 1472 1358 pergeret,
1504 1259 1546 1331 dc
1572 1245 1638 1332 de·
1723 1245 1729 1252 ’
1843 1255 1845 1260 ’

230 1366 342 1475 cupla
371 1392 460 1464 cum
490 1367 695 1447 velocitate
719 1363 821 1476 quast
846 1359 1012 1475 decuplo
1030 1365 1203 1475 longius:
1234 1359 1526 1462 srmodosaerir
1545 1367 1642 1450 rests-
1802 1353 1850 1403 ‘⁴'

228 1479 349 1568 te'ntia
375 1485 582 1565 tolleretur.
643 1485 692 1566 Et
719 1476 896 1593 augendo
927 1483 1173 1565 velocitatem
1201 1489 1328 1593 augeri
1354 1476 1472 1594 posset
1494 1513 1563 1595 pro
1586 1488 1641 1568 lu·
1671 1583 1676 1591 q

228 1600 313 1685 bitu
341 1596 514 1684 distantia
545 1608 585 1682 in
617 1625 734 1712 quam
764 1603 1042 1712 projiceretur,
1085 1613 1126 1688 dc
1151 1607 1273 1683 minui
1302 1624 1503 1684 curvatura
1527 1605 1556 1702 i'
1583 1631 1640 1694 eae

229 1747 347 1830 quam
381 1715 630 1817 describeret,
674 1726 726 1802 ita
766 1741 808 1802 ut
844 1713 1003 1802 tandem
1036 1714 1190 1802 caderet
1225 1713 1274 1800 ad
1316 1631 1656 1834 distantiarr'r’g'ra.⁸
1746 1759 1747 1764 Ν

105 1905 114 1919 .
228 1832 349 1922 duum
373 1833 511 1920 decem
536 1842 598 1922 vel
627 1844 780 1950 triginta
805 1842 867 1922 vel
891 1843 1134 1948 'nonagimar
1180 1840 1242 1918 vcl
1275 1846 1394 1921 etiam
1429 1862 1472 1923 ut
1498 1862 1640 1924 terram

228 1977 360 2040 totam·
374 1961 552 2039 circuiret
572 1959 634 2039 vel
660 1950 827 2066 denique
856 1980 899 2040 ut
920 1963 960 2038 in
987 1958 1108 2038 coelos
1131 1954 1252 2038 abiret
1280 1968 1321 2040 &
1340 1979 1452 2040 motu
1475 1954 1641 2041 abeundi

228 2097 403 2188 pergeret
420 2083 460 2157 in
478 2077 681 2158 infinitum.
742 2078 791 2157 Et
815 2071 951 2159 eadem
977 2083 1148 2171 ratione,
1180 2075 1255 2182 quai
1273 2077 1474 2182 Projemle
1496 2084 1535 2160 vi
1556 2105 1642 2188 gra·

228 2199 354 2276 vitatis
382 2200 423 2277 iri
454 2191 589 2274 orbem
616 2193 717 2274 flecii
749 2189 868 2301 posset
894 2205 936 2276 δε
968 2216 1108 2275 terram
1136 2213 1260 2274 totam
1290 2201 1477 2291 circuire,
1518 2197 1639 2303 potest

228 2321 270 2396 &
297 2313 407 2394 Luna
432 2312 494 2392 vel
522 2317 561 2392 vi
591 2316 809 2420 gravitatis,
839 2312 867 2390 fi
890 2304 1012 2390 modo
1044 2313 1167 2418 gravis
1190 2309 1256 2406 stt,
1287 2315 1350 2392 vel
1365 2312 1448 2421 aliti
1471 2313 1639 2420 quicun.

230 2455 307 2537 que
329 2437 394 2526 vi,
436 2426 511 2538 quit
541 2433 581 2508 in
611 2449 751 2509 terram
776 2438 973 2537 urgeatur,
990 2424 1143 2507 'retrahi
1166 2423 1311 2534 semper
1339 2424 1367 2510 a'
1391 2426 1497 2509 cursu
1528 2433 1638 2514 redii.

226 2549 330 2632 lineo
362 2568 502 2629 terram
535 2541 681 2641 versus,
714 2556 755 2628 dc
781 2551 821 2627 in
852 2542 989 2626 orbem
1024 2541 1131 2627 suum
1159 2541 1277 2626 fleur:
1321 2557 1363 2629 δι
1395 2547 1471 2629 stne
1504 2551 1572 2630 tali
1599 2558 1639 2632 vi

1022 2671 1026 2684 '
1526 2658 1637 2752 Luna

507 2775 565 2850 “⁴3

227 2904 342 2956 'curram
371 2895 545 2958 retrahitur,
573 2894 609 2954 eh
627 2892 750 2954 mirisa
774 2907 910 2972 tangente
961 2893 1038 2959 ET,
1063 2893 1219 2968 normalis5
1243 2876 1347 2974 corpits
1361 2896 1434 2958 illud
1454 2892 1510 2957 h'tc
1530 2893 1592 2957 soii
1611 2899 1639 2959 vi

229 2971 324 3032 deviat
343 2990 456 3105 corpus,
475 2971 605 3048 adeoque
626 2989 709 3030 curva
723 2983 807 3048 quarn
829 2991 910 3032 motu
960 2968 1089 3046 impressi
1128 2968 1306 3049 aequabiiirer
1343 2989 1392 3052 per
1431 2975 1535 3034 retiam
1570 2975 1640 3036 EF

228 3039 279 3107 suo
302 3045 392 3107 deseri
413 3046 453 3112 it,
481 3046 515 3106 ad
542 3061 704 3124 tangentem
732 3045 781 3105 seu
805 3047 909 3107 tectam
960 3063 1123 3106 moveretur
1149 3047 1232 3180 qm
1262 3065 1291 3106 at
1308 3046 1336 3105 vi
1357 3048 1515 3129 centripeti
1540 3049 1588 3108 seu
1610 3051 1640 3111 vi

227 3120 334 3184 lineam
354 3121 467 3216 propitia
488 3120 611 3183 accedit.
657 3120 909 3182 Eeontradecres-
960 3121 1097 3182 tendente
1131 3143 1165 3204 a¹
1205 3140 1335 3183 centrum
1364 3128 1389 3182 Τ
1417 3128 1452 3186 ab
1484 3123 1536 3182 iiii
1564 3127 1640 3186 redi
1733 3177 1736 3186 ,

228 3216 312 3260 cente
334 3219 361 3260 vr
390 3216 438 3258 aut
464 3196 613 3261 celeritate
639 3198 791 3258 secundum
812 3196 909 3260 direc-
959 3197 1097 3286 perpetuu
1127 3197 1282 3260 retrahitur
1312 3204 1339 3258 &
1367 3203 1483 3280 cogimr
1505 3198 1641 3265 incedere

228 3275 338 3336 tionem
364 3274 526 3352 tangentis,
557 3289 606 3333 aut
629 3273 775 3332 crescente
791 3271 818 3332 vi
836 3275 907 3336 alre·
959 3295 991 3332 tn
1018 3273 1103 3334 eunt
1132 3273 1236 3354 aliqui
1255 3273 1331 3350 EQ
1371 3296 1456 3354 quarn
1483 3275 1575 3354 tangit
1610 3280 1641 3338 in

225 3351 508 3430 riquaeatangente
529 3347 672 3413 defleuit,
693 3367 909 3430 corpusamo·
959 3352 1078 3410 Eretia
1106 3351 1169 3406 EF
1200 3349 1312 3440 (10),
1344 3351 1474 3430 augendo
1499 3351 1556 3412 vim
1587 3352 1642 3413 im·
1736 3359 1743 3370 ⁰

219 3443 257 3486 ,ru
277 3425 427 3490 rectilineo
448 3425 536 3505 magis
561 3424 732 3492 retrahitur,
763 3428 790 3482 &
815 3427 908 3504 major
961 3425 1076 3506 pressam
1097 3423 1249 3485 secundum
1274 3424 1461 3489 direttionem
1478 3429 1643 3507 tangentis.

227 3503 349 3564 iirlineae
364 3521 522 3564 curvatura.
555 3502 629 3561 Nam
641 3499 753 3560 effeetus
767 3498 829 3560 sunt
842 3523 909 3563 eau-
958 3503 1043 3569 EF,
1072 3519 1156 3561 curta
1185 3509 1206 3560 E
1230 3500 1282 3576 Q,
1316 3502 1353 3563 ad
1373 3521 1537 3582 tangentem
1557 3511 1578 3564 E
1598 3509 1643 3576 F,

228 3577 261 3636 fis
280 3580 335 3640 suis
354 3579 608 3660 proportionales,
641 3577 680 3637 est
698 3593 794 3636 autem
812 3595 907 3640 motus
978 3577 1075 3658 topiirr
1095 3575 1210 3636 accedit
1226 3615 1233 3640 r
1252 3576 1325 3637 adeo
1345 3597 1375 3638 ur
1392 3600 1493 3659 corpus
1514 3579 1643 3643 variis&

229 3673 279 3733 per
300 3673 463 3735 tangentem
476 3653 660 3719 rectilineus,
682 3651 849 3712 effectussis
868 3654 908 3716 se
958 3599 1105 3714 iucceffive
1136 3652 1327 3714 crescentibus
1357 3654 1553 3716 celeritatibus
1573 3677 1642 3735 pro-

226 3730 348 3791 cundum
371 3729 557 3791 ditetiionem
577 3726 737 3817 tangentis,
761 3733 789 3788 dt
810 3728 923 3803 devia-r
959 3732 1082 3810 jesrum‚
1107 3742 1212 3788 terram
1234 3728 1338 3790 rardiits
1360 3730 1470 3811 semper
1497 3731 1642 3810 attingat,

229 3807 274 3867 tio
289 3827 305 3865 a
320 3823 465 3882 tangente,
477 3803 589 3866 effeetus
604 3825 644 3864 vts
659 3803 806 3884 illiusque
821 3823 908 3866 aran·
960 3805 1063 3866 deindi
1081 3800 1161 3864 eirca
1178 3825 1240 3864 eam
1260 3805 1441 3876 revolvatur,
1470 3803 1642 3885 tandemque

227 3899 315 3961 gente
339 3880 470 3941 retrahit.
959 3881 989 3940 in
1010 3879 1151 3939 infinitum
1170 3883 1264 3940 abeat.
1312 3883 1355 3942 Ut
1370 3883 1454 3962 igitur
1473 3901 1575 3960 corpus
1592 3903 1642 3963 per

267 3978 311 4018 11.
333 3955 374 4016 Sit
395 3971 475 4017 rerrae
497 3955 729 4016 circumferentia
749 3959 779 4015 D
807 3955 909 4032 QG,
959 3960 1062 4025 retiam
1084 3961 1105 4014 E
1127 3958 1167 4019 F,
1202 3955 1267 4014 dari
1288 3957 1443 4018 velocitate
1464 3959 1643 4038 projectum,

226 4033 360 4111 illiusque
394 4051 523 4091 centrum
554 4033 600 4098 T,
637 4051 671 4091 ex
698 4053 758 4111 quo
787 4033 844 4090 vim
872 4035 907 4093 ad
958 4049 1073 4092 curvam
1095 4029 1189 4090 datam
1209 4032 1287 4107 EQ
1315 4032 1474 4101 describat,
1504 4051 1584 4094 certa
1606 4055 1642 4098 ac

218 4126 357 4170 ¹centrum
379 4105 540 4168 trahentem
559 4125 609 4186 per
623 4117 715 4166 totum
732 4107 909 4187 circumqua-
962 4105 1150 4169 determinata
1174 4104 1215 4164 vis
1242 4107 1401 4187 centripera
1421 4106 1573 4187 requiritur
1584 4133 1594 4180 5
1614 4117 1642 4173 dt

228 4204 283 4264 que
303 4184 421 4265 spat'um
442 4182 591 4270 propagati
614 4183 766 4261 fingamus,
798 4201 869 4251 aur,
888 4184 908 4245 st
960 4181 1196 4244 viceventdatt
1223 4183 1378 4244 velocitate
1405 4183 1555 4256 seeundum
1575 4203 1643 4256 rec·

224 4260 313 4339 magis
327 4205 488 4341 pladeuerrt,
509 4259 557 4339 sup
577 4277 693 4318 unauntu¹
711 4259 763 4320 esse
781 4260 837 4318 vim
858 4279 909 4340 per
960 4267 1085 4330 ramEe
1106 4258 1152 4316 seu
1171 4265 1193 4316 E
1210 4261 1248 4323 F,
1278 4265 1304 4317 u
1326 4260 1354 4319 vi
1371 4258 1531 4340 centripeti
1553 4262 1641 4321 etiam

223 4353 318 4398 torum
336 4334 455 4417 spatium
478 4334 532 4394 diii
559 4353 614 4400 arn,
637 4335 693 4412 qui
709 4355 830 4413 corpora
846 4356 910 4395 orn-
962 4335 1046 4400 dari,
1068 4347 1176 4411 ‘corpus
1193 4335 1303 4394 nonnisi
1325 4354 1432 4396 certam
1454 4357 1489 4396 ac
1503 4336 1642 4398 determi-

224 4413 273 4475 nia
291 4413 443 4474 secundum
464 4409 821 4479 direciionemtadiorum,
842 4416 907 4482 ET,
961 4429 1055 4471 natam
1087 4427 1201 4490 curvam
1227 4410 1306 4486 EQ
1353 4413 1426 4473 otest
1458 4410 1641 4482 describeret
1751 4423 1770 4463 θ
1830 4447 1835 4458 ·

224 4491 253 4548 A
275 4493 316 4558 T,
343 4489 379 4548 ad
410 4504 539 4550 centrum
567 4490 592 4545 T
619 4503 793 4564 urgeantur,
822 4491 848 4546 δι
875 4509 910 4550 ex
961 4493 989 4547 ἃ
1013 4483 1318 4547 mathematicorume
1357 4506 1392 4548 ta
1414 4488 1486 4549 datis
1502 4487 1643 4548 velocita-

227 4565 337 4626 vertice
368 4564 516 4624 Emontis
544 4569 564 4622 E
592 4566 622 4627 D
649 4559 817 4645 projiciatur
845 4584 910 4626 cot·
963 4579 992 4621 te
1018 4582 1068 4641 per
1101 4577 1267 4638 tangentem
1294 4570 1316 4622 E
1341 4565 1362 4623 F
1392 4569 1418 4624 ἃ
1450 4561 1533 4626 curvi
1561 4567 1582 4622 E
1608 4561 1641 4638 Q

224 4655 275 4719 pur
313 4642 395 4720 iuxta
430 4639 619 4708 ditectionem
654 4643 737 4724 recte
765 4645 787 4700 E
816 4642 838 4702 F
874 4639 912 4703 ad
961 4653 1048 4716 squam
1068 4655 1171 4713 corpus
1192 4636 1339 4728 describit,
1356 4639 1484 4706 invertire
1499 4637 1557 4702 rim
1573 4656 1642 4722 cen·

876 4746 923 4847 ,
