4502 5662
1756 149 1789 160 u.

626 383 652 470 a
893 365 1343 453 intrusoruru
1398 372 1764 500 Namusam
1887 475 1891 482 ,

433 510 602 589 'mm'
627 489 739 606 Luna
763 521 805 604 in
831 519 926 604 orbe
948 519 1015 604 suo
1040 525 1194 604 retineri
1220 547 1300 603 non
1326 529 1459 634 potest.
1518 531 1617 618 Haec
1641 543 1722 636 vis,
1752 540 1779 622 sr
1802 539 1898 648 justo
1916 556 2049 639 minor

366 631 373 641 “
442 602 601 652 'mm
625 633 741 739 effer,
776 665 857 722 non
889 638 971 721 satis
1003 639 1172 724 fletietet
1212 642 1363 726 L'unam
1393 637 1444 727 ¹de
1478 648 1584 733 cursu
1628 659 1854 748 restilineo:
1894 669 2047 774 lijusto

626 762 770 866 major,
801 759 884 868 plus
913 756 996 840 stris
1021 758 1190 841 flesteret
1203 812 1218 855 ,
1250 788 1296 841 ac
1329 755 1380 842 de
1405 763 1500 846 orbe
1514 765 1579 850 suo
1603 794 1746 860 terram
1768 781 1910 886 versus,
1925 784 2048 876 dedu.

628 902 745 960 cerer.
807 878 1030 986 Requiritur
1056 883 1223 986 qqupe,
1253 898 1296 962 ut
1318 879 1364 960 stt
1383 883 1484 988 justa
1506 891 1798 1000 magnitudinis:
1828 914 1872 986 δε
1892 909 2047 993 Mathe.

626 994 865 1080 'rusticorum'
887 995 941 1078 est
968 1001 1141 1076 invenite
1176 999 1295 1092 Vim,
1328 999 1404 1107 qui
1437 1029 1574 1115 corpus
1605 1016 1645 1092 in
1668 1007 1762 1098 dato
1782 1032 1920 1130 quovis
1948 1025 2045 1112 orbe

609 1089 717 1198 'dati
740 1110 831 1194 c'utn
855 1114 1062 1195 velocitate
1091 1112 1267 1194 accurate
1289 1120 1443 1201 retineri
1469 1124 1604 1231 possut
1637 1141 1679 1214 δι
1710 1138 1869 1222 viciffim
1897 1150 2044 1233 iuveni.

623 1261 666 1315 re
692 1237 794 1314 viam
820 1231 1092 1324 curvilineam,
1124 1236 1165 1310 in
1187 1258 1304 1339 quam
1329 1261 1464 1345 corpus
1494 1236 1517 1321 e'
1544 1236 1637 1329 dato
1665 1260 1805 1360 quovis
1827 1261 1919 1341 loco
1953 1259 2042 1350 dut

620 1373 714 1440 cum
738 1350 943 1430 velocitate
969 1339 1153 1459 egressum
1183 1379 1205 1432 a
1232 1342 1320 1432 dati
1342 1360 1386 1435 vi
1406 1354 1587 1448 flectatur.
1648 1367 1714 1452 Est,
1736 1394 1866 1459 autem
1888 1388 1946 1464 ‘vis
1973 1384 2044 1466 hu.

622 1473 679 1576 jus
711 1473 929 1576 ceutripetae
960 1468 1166 1576 Quantitas
1195 1472 1315 1552 trium
1342 1498 1555 1582 genemm,
1596 1483 1807 1593 Absoluta,
1837 1471 2044 1588 Accelesa·

624 1592 701 1669 trix
715 1623 736 1684 ,·
759 1595 801 1669 δε
827 1587 988 1671 Motrix.
1360 1617 1365 1624 ·
1408 1606 1413 1616 ’

939 1823 1462 1916 nurtuttto
1521 1803 1717 1962 uisu>

625 2053 696 2136 Vis
736 2062 941 2172 centripete
975 2051 1188 2175 ¹¹Quantitas
1221 2053 1407 2174 Absoluta
1449 2067 1494 2182 ιβ
1530 2071 1696 2188 mensura
1729 2080 1887 2200 ejusdem
1925 2095 2043 2209 major
2130 2207 2133 2210 Ι

798 2180 861 2260 vet
891 2182 1009 2259 minor
1038 2202 1100 2290 pru
1132 2174 1305 2286 Efficacia
1337 2179 1454 2298 cause
1485 2216 1567 2272 eam
1597 2212 1833 2315 propagantis
1857 2239 1882 2290 a
1924 2247 1929 2271 =

994 2317 1112 2376 centro
1141 2325 1207 2412 per
1238 2304 1397 2412 regiones
1430 2309 1471 2385 in
1500 2315 1668 2401 circuitu.
1739 2427 1742 2434 Δ
1819 2339 1824 2346 ’

684 2516 749 2614 Ut
774 2533 831 2610 vis
864 2531 1090 2644 Magnetita
1115 2559 1187 2645 pro
1213 2539 1319 2619 mole
1345 2552 1534 2652 magnetis
1558 2551 1619 2634 vel
1647 2554 1856 2646 intensione
1885 2574 2042 2658 uirtutis

627 2649 751 2755 major
778 2651 817 2732 in
846 2677 925 2736 uno
958 2673 1160 2764 magnete,
1189 2662 1320 2740 minor
1344 2665 1385 2743 in
1414 2665 1502 2747 aliu.

1772 3043 2042 3136 ,Deru

624 3321 759 3405 tripetam
785 3359 796 3391 ,
836 3323 892 3402 qual
933 3346 950 3387 a
985 3345 1120 3410 tangente
1154 3330 1309 3395 retrahitur
1359 3335 1450 3408 inest,
1480 3338 1511 3400 iu
1532 3341 1579 3404 sua
1600 3347 1719 3426 aqualia
1748 3353 1891 3420 elementa
1919 3359 2041 3426 divium

624 3403 654 3458 δι
678 3400 707 3458 in
728 3399 896 3460 orbiti-sut
917 3401 1082 3475 retinetur,
1112 3414 1138 3469 &
1159 3409 1310 3490 reciproce
1359 3413 1561 3496 intelligatur,
1587 3427 1614 3480 δι
1635 3423 1676 3481 vis
1697 3426 1731 3486 stt
1752 3428 1864 3508 singulis
1888 3436 2040 3502 elementis

616 3491 660 3552 ‘ex
683 3474 748 3534 dati
768 3475 926 3538 uelocitate
958 3499 1008 3561 per
1037 3499 1202 3562 tangentem
1230 3493 1256 3546 δι
1280 3485 1308 3546 νί
1359 3492 1473 3570 aequalis
1489 3495 1673 3578 ejusdemque
1690 3503 1850 3565 constanter
1861 3509 2041 3591 intensionis,

622 3549 806 3630 centripetl,
839 3571 954 3614 curtam
981 3555 1129 3632 invenite,
1161 3581 1221 3639 quae
1248 3563 1306 3623 duo
1359 3568 1401 3628 vis
1417 3569 1508 3628 totius
1527 3575 1659 3652 corporis
1674 3580 1825 3648 centralis,
1844 3583 1891 3643 seu
1909 3586 1950 3646 uis
1967 3610 2039 3652 cen-

626 3623 790 3690 Newtonus
819 3627 891 3690 mira*
924 3630 1082 3713 sagacitate
1113 3637 1307 3717 &elegantia
1359 3641 1441 3702 tralis
1460 3646 1602 3723 quantitas
1624 3651 1770 3718 absoluta.
1797 3656 1852 3715 erit
1877 3663 1965 3726 malsae
1988 3667 2038 3729 seu

627 3699 763 3778 perfecit.
1357 3715 1469 3780 summa
1493 3723 1702 3788 elementorum
1723 3735 1956 3810 proportionalis.
1995 3748 2039 3806 At

661 3778 747 3856 (a)
797 3797 841 3842 12.
862 3782 897 3841 In
929 3801 1030 3846 centro
1050 3787 1075 3842 T
1097 3783 1214 3849 existere
1241 3787 1308 3870 sup-
1356 3791 1524 3858 fimanente
1537 3799 1636 3859 eidem
1649 3805 1780 3884 corporis
1791 3812 1923 3873 centralis
1937 3818 2037 3892 massi,

622 3869 745 3930 ponatur
767 3873 819 3916 cot
840 3877 887 3926 us,
919 3878 954 3920 ex
978 3881 1039 3940 quo
1068 3879 1118 3948 per
1140 3883 1223 3923 omne
1245 3869 1306 3956 spa·
1356 3868 1397 3928 vis
1416 3871 1526 3953 semper
1548 3895 1663 3937 manens
1681 3882 1795 3960 aqualis
1809 3885 1838 3944 in
1852 3887 2038 3970 fingulisele-

492 3961 494 3967 ,
614 3927 696 3997 ‚tium
718 3929 805 3992 diffun
825 3951 890 3994 atur
909 3934 972 4003 vis,
992 3957 1053 4015 quae
1069 3953 1149 4014 Jttxta
1168 3939 1305 4002 direttro-
1355 3948 1459 4010 mentis
1474 3949 1626 4036 equalibus
1644 3954 1777 4016 intensive
1795 3962 1904 4026 crescat
1923 3968 1969 4028 uel
1986 3971 2039 4034 de-

616 4023 689 4076 ¹uem
709 4005 854 4069 radiorum
882 4012 964 4080 AT,
993 4016 1068 4075 ET,
1098 4013 1183 4082 HT,
1209 4019 1304 4078 versis
1355 4021 1479 4092 crescat,
1500 4044 1542 4084 urs
1558 4045 1620 4090 tota
1632 4051 1684 4091 eor
1703 4032 1761 4094 oris
1779 4041 1914 4101 centralis
1929 4043 1977 4104 seu
1994 4049 2037 4108 uis

620 4097 772 4151 centrum,
800 4103 848 4146 aut
869 4105 886 4143 a
905 4104 1007 4147 centro
1026 4089 1120 4148 versus
1139 4089 1228 4168 spatia
1248 4093 1304 4154 cir·
1356 4103 1491 4162 centralis
1508 4105 1649 4180 quantitas
1669 4054 1820 4182 attalum,
1837 4117 1892 4178 erit
1914 4141 2037 4202 propurh

620 4158 797 4236 cumpofira,
824 4160 906 4237 jutus
926 4160 1112 4249 diteffionem
1139 4166 1303 4256 radiorum,
1356 4171 1473 4238 tionalis
1487 4179 1639 4242 intensioni
1660 4183 1742 4245 visin
1760 4187 2037 4266 singuliselernentie

613 4230 708 4301 ΤΑ,
735 4237 812 4300 ΤΕ,
846 4237 927 4303 ΤΗ,
952 4254 1037 4316 agat,
1061 4258 1091 4296 ru
1115 4255 1155 4298 υ.
1180 4243 1244 4304 casu
1262 4263 1303 4304 vrs
1356 4251 1508 4327 exilientis,
1529 4275 1615 4332 quare
1624 4260 1794 4323 variantibus
1806 4267 1972 4334 massi&vi
1982 4273 2039 4335 stn-

617 4301 673 4368 illa
693 4309 875 4400 centtipeta‚
894 4309 925 4370 in
943 4329 987 4372 ιο.
1005 4312 1051 4400 ¹tis
1073 4315 1251 4396 eenuffuga,
1275 4320 1305 4382 in
1355 4329 1487 4403 gulorum
1498 4331 1727 4408 elementorum,
1747 4338 1786 4398 vis
1803 4347 1936 4407 centralis
1947 4371 2038 4429 quan-

624 4397 748 4460 utroque
767 4405 809 4446 vrs
827 4385 963 4448 centralis
982 4387 1096 4448 dicitur·
1355 4401 1423 4463 titas
1447 4406 1576 4470 absoluta
1605 4430 1662 4474 eru
1683 4414 1713 4475 in
1738 4415 1851 4480 ratione
1878 4425 2036 4504 compotus

661 4457 731 4520 Haee
752 4459 844 4522 visin
868 4479 970 4524 centro
1000 4461 1176 4534 considerata
1197 4471 1305 4552 duplici
1356 4479 1445 4540 masiae
1468 4489 1495 4544 δι
1523 4482 1689 4552 intenfionis
1712 4488 1806 4554 visin
1834 4495 1946 4580 lingulis
1970 4502 2037 4566 ele,

621 4530 777 4610 presertim
792 4537 906 4600 tatione
926 4539 1033 4601 variare
1052 4543 1163 4621 potest,
1183 4547 1305 4608 sienim
1355 4556 1460 4621 mentis
1482 4561 1642 4642 equalibus.

619 4623 726 4688 eorpus
744 4611 824 4690 quod
842 4627 973 4678 centrum
992 4635 1132 4697 occupat,
1149 4625 1178 4684 tt
1193 4621 1240 4688 cui
1263 4625 1304 4686 tis
1728 4653 1730 4658 ·

1324 4737 1662 4850 ert

1590 4857 1654 4918 t!
