4586 5658
471 398 816 484 :asrscrsrr
868 391 1342 476 Metaurenses.
1561 393 1612 490 83

209 547 341 660 quivis
373 539 610 642 differentia,
643 567 842 654 nunquam
877 541 971 622 vero
998 530 1238 648 ·transgredi,
1261 555 1408 644 :neque
1436 525 1537 643 ptiirs
1563 553 1619 616 at·
1640 517 1783 668 {¹¹¹2ssss
1830 623 1832 626 ,

209 677 359 778 tingere
376 667 494 779 quim
514 657 1037 776 quantitatesdiminuuntur
1056 656 1319 738 ininfinirum.
1361 652 1461 732 .Rcs
1484 649 1620 734 clarius
1730 663 1738 670 ”
1771 659 1776 666 ’

210 787 441 896 intelligetur
468 791 511 866 in
531 781 682 867 infinite
711 786 870 890 magnis..
931 781 970 862 Si
986 781 1214 888 quantitates
1239 765 1323 856 duce
1345 797 1507 882 quarum
1530 765 1621 858 data

209 907 261 986 est
294 899 508 987 differentia
543 920 752 1016 augeantur
781 904 821 980 in
863 899 1086 994 infinitum,
1134 888 1285 976 dabitur
1313 887 1449 985 harum
1487 891 1623 974 ultima

210 1031 345 1118 ratio,'
373 1030 556 1106 nimirum
590 1027 689 1104 ratio
729 1019 976 1128 aequalitatis,
1022 1041 1097 1110 nco
1129 1037 1265 1102 tamen
1300 1001 1392 1096 ideo
1431 1001 1623 1126 dabuntur
1736 1042 1740 1051 ¹

1502 1153 1620 1238 quau·

251 1395 314 1454 143.
354 1377 541 1465 Quantitates
565 1371 773 1439 indetennine·

209 1451 775 1596 annferuruntus:

210 1619 313 1664 cuntur
332 1626 341 1670 s
361 1601 521 1664 constantes
553 1601 622 1663 verd
646 1617 695 1660 aut
722 1603 773 1662 de-

205 1677 370 1737 terminatae
381 1693 529 1747 uocantur,
548 1697 609 1757 quae
624 1675 688 1736 aliis
705 1697 773 1738 con-

212 1751 294 1812 tinuo
314 1751 506 1814 crescentibus
530 1756 577 1814 vel
605 1751 775 1814 decrescen-

211 1827 309 1895 tibus,
332 1828 439 1888 eaedem
457 1847 584 1890 manent.
624 1828 774 1891 Ordinato

211 1903 294 1969 BC,
319 1905 402 1972 BD,
423 1904 506 1983 supet
525 1905 579 1966 bafi
598 1906 678 1970 AF,
694 1922 775 1965 motu

212 1979 262 2068 filei
284 1979 393 2059 semper
414 1981 554 2067 parallelo
581 1980 623 2040 iti
654 1997 775 2114 propre·

211 2055 775 2124 dmmmmwssmdm

212 2130 323 2212 semper
340 2148 488 2195 manente,
523 2134 635 2192 unctum
648 2131 695 2213 12,
716 2149 777 2192 rec-

214 2225 273 2268 tam
296 2207 394 2266 GDd
417 2205 510 2266 desert
530 2226 580 2274 ar,
608 2210 634 2264 &
662 2205 776 2264 rntetim

212 2281 354 2342 continuo
373 2282 520 2342 crescente
543 2281 588 2342 uel
609 2279 778 2341 decrescen-

213 2356 396 2441 reordinati
418 2359 498 2424 bc,
518 2355 698 2443 punctumss
716 2355 779 2416 des·
903 2375 942 2459 V
1005 2377 1050 2444 Α
1217 2375 1248 2450 Β

214 2436 310 2493 cubat
320 2451 434 2492 curvam
446 2440 474 2492 A
483 2431 511 2492 C
520 2453 559 2504 c,·
584 2428 699 2491 absctffa
711 2433 738 2490 Α
748 2434 779 2496 Β»

214 2506 351 2568 ordinata
378 2509 461 2576 BC,
485 2527 576 2568 curva
600 2505 680 2564 arctis
701 2510 779 2575 Ac,

213 2583 412 2648 areteACB‚
430 2583 591 2651 AGDB‚
614 2578 781 2658 suntquan·

216 2657 315 2719 ritaret
335 2657 560 2720 indetenuinarae
579 2659 628 2720 seu
650 2655 778 2726 fluentes

217 2735 295 2795 tecla
332 2737 401 2794 verd
430 2735 531 2799 BD,
562 2734 608 2809 eli¹
633 2729 779 2811 quantitas
956 2720 996 2804 G

213 2809 355 2871 constans.

256 2906 318 2956 144.
358 2883 545 2960 Quantitates
574 2885 711 2954 fluentes,
744 2899 775 2944 ur

1241 2785 1281 2860 D
1362 2787 1385 2865 d

212 2963 240 3024 Δ
254 2963 296 3029 B,
317 2963 339 3020 B
351 2960 396 3026 C,
415 2961 567 3094 erpualibus
580 2959 756 3042 temporibus
770 2955 898 3020 crescen-
947 2971 991 3017 tat
1001 2955 1162 3018 'secuudum
1174 2953 1368 3018 discolorem
1373 2954 1455 3046 §Es
1474 2955 1557 3019 linea
1568 2957 1628 3019 nb

212 3054 256 3098 res
281 3043 310 3097 dr
327 3035 444 3099 crescon
465 3055 484 3094 o
496 3034 634 3123 'genitu
659 3041 716 3118 'pro
740 3033 898 3096 velocitate
946 3033 1130 3114 parallelamt
1147 3031 1320 3171 stppppnatur
1333 3031 1501 3103 corformis,
1520 3033 1630 3098 veloci·

213 3109 317 3190 maiori
334 3114 380 3172 vel
400 3111 505 3170 minorr
523 3113 579 3192 qui
594 3112 742 3175 crescunt,
759 3130 794 3172 ac
813 3129 899 3192 gene·
947 3125 989 3170 tas
1009 3109 1135 3189 ejusdem
1235 3109 1321 3170 nditm
1348 3107 1536 3172 directionem
1562 3117 1629 3174 Ec.

210 3185 328 3255 rantur',
351 3188 474 3248 evadunt
497 3189 621 3268 majores
638 3189 685 3249 vel
704 3186 852 3258 minores3
869 3185 897 3246 Si
948 3204 1001 3263 pto
1022 3185 1099 3248 saria
1120 3207 1212 3248 curvat
1229 3182 1324 3246 nce
1340 3185 1456 3255 narmi,
1478 3184 1555 3248 tatia
1570 3187 1641 3264 qui.

212 3263 290 3324 enim
321 3265 451 3342 pontium
481 3265 521 3332 B,
549 3264 676 3326 velocius
695 3263 805 3352 semper
827 3281 897 3396 pro-
949 3262 1015 3324 dem
1029 3263 1085 3326 erit
1100 3259 1131 3323 in
1148 3262 1262 3326 (liveriis
1279 3279 1369 3322 curta
1387 3261 1494 3343 punctis
1513 3261 1630 3340 ugnin

212 3336 357 3424 prediatus
376 3342 603 3419 quampundium
622 3342 666 3408 C,
691 3338 720 3398 in
738 3335 815 3399 ltnei
859 3337 898 3406 C,
948 3337 997 3404 C,
1025 3344 1053 3399 dt
1073 3359 1114 3412 ες
1141 3338 1190 3401 sed
1208 3337 1266 3418 qud
1284 3339 1372 3419 magis
1390 3341 1521 3418 puuctum
1537 3357 1569 3402 cs
1594 3337 1632 3400 ad

210 3431 390 3476 rnorementa
405 3415 463 3481 Bb,
483 3415 596 3476 fluentis
609 3417 678 3484 AB,
696 3415 898 3493 majoraerunr
949 3418 992 3482 G,
1016 3415 1153 3483 accedet,
1168 3415 1204 3476 ed
1222 3411 1317 3476 minor
1332 3411 1390 3478 erit
1407 3413 1571 3476 uelocitatis
1590 3416 1632 3476 se·

211 3487 397 3551 incrementis
413 3496 469 3554 Ec,
490 3489 602 3552 fluentis
613 3491 691 3555 BC,
705 3489 808 3550 eodem
821 3509 896 3550 tem·
946 3491 1068 3554 cundum
1079 3489 1342 3560 diretiionemEc,
1353 3491 1486 3553 *variatio
1496 3489 1528 3549 in
1543 3510 1631 3580 punc·

87 3615 108 3626 ,.
212 3582 284 3654 pore
318 3565 431 3644 genitis.
496 3565 675 3628 velocitates
711 3566 812 3644 quibus
844 3565 896 3625 illa
946 3563 1043 3638 eisc,
1061 3574 1088 3628 δι
1103 3567 1225 3636 c‚atled
1235 3585 1266 3627 ut
1276 3569 1342 3627 dum
1354 3571 1484 3655 punctum
1499 3585 1533 3630 c,
1552 3585 1633 3628 coan-

212 3657 390 3702 tncrementa
415 3661 446 3702 ut
462 3645 530 3712 Bb,
549 3649 623 3714 Ec,
643 3643 748 3704 eodem
766 3657 896 3720 ternpore
946 3640 1020 3704 cidit
1048 3663 1113 3718 cum
1137 3645 1243 3732 puncto
1273 3643 1320 3713 C,
1349 3663 1442 3706 ouuus
1470 3641 1633 3704 velocitatis

212 3714 327 3796 genita,
347 3715 438 3796 primo
454 3719 620 3788 nascuntur,
639 3719 704 3778 dum
716 3717 818 3796 nempe‘
839 3719 896 3786 be,
946 3735 996 3797 per
1013 3725 1069 3789 Ec,
1083 3719 1208 3782 uastatio
1222 3718 1342 3800 expiret.
1372 3721 1474 3796 Quare
1484 3721 1579 3796 (Lem.
1592 3722 1634 3797 r.)

212 3788 360 3852 coincidit
375 3812 439 3852 cum
455 3795 530 3858 BC,
551 3793 682 3856 dicuntur
695 3793 896 3883 fluxionem&
946 3793 1117 3856 velocitates
1149 3795 1251 3874 quibus
1282 3795 1429 3858 fluentium
1456 3793 1637 3857 incrementa

212 3867 367 3929 methodus
385 3887 421 3927 ex
440 3867 589 3957 fluentibus
608 3867 771 3931 inveniendi
791 3867 897 3930 fluxio·
947 3870 1052 3930 eodem
1065 3888 1206 3956 ‘tempore
1248 3871 1327 3933 enita
1349 3871 1449 4006 lprimda
1463 3869 1634 3942 nascuntur,

212 3965 284 4012 nes,
301 3941 454 4004 methodus
472 3944 625 4005 fluxronum
647 3945 752 4006 tirsus
768 3961 901 4014 vocatum
946 3941 1010 4004 sunt
1028 3945 1193 4007 umformes.
1229 3891 1276 4022 {2
1300 3966 1327 4008 e.
1380 3987 1389 4008 .

211 4017 369 4083 methodus
396 4020 464 4079 verd
486 4037 521 4078 ex
545 4020 713 4081 fluxionibus
733 4017 898 4079 inveniendi
991 4036 1053 4092 146.
1095 4023 1171 4080 Cum
1197 4023 1268 4100 ergo
1286 4021 1457 4088 velocitates
1477 4019 1635 4084 uniformes

210 4095 351 4164 fluentes,
375 4095 530 4158 methodus
547 4095 701 4158 llttxionum
719 4093 829 4157 inversa
848 4116 898 4177 ap·
949 4095 1002 4159 lint
1030 4095 1129 4176 spatiis
1155 4099 1258 4160 eodem
1288 4113 1417 4178 tempore
1478 4096 1638 4161 reascendit

213 4173 350 4254 pellatur.
951 4172 1184 4254 proportionales
1204 4175 1292 4252 (ς),
1323 4173 1430 4236 manife
1454 4193 1501 4234 um
1522 4173 1562 4236 est
1586 4173 1639 4234 flu·

255 4268 319 4326 145.
344 4247 528 4310 velocitates
544 4245 645 4327 quibus
661 4247 902 4328 fluentiumquan·
951 4249 1051 4311 aiones
1100 4250 1175 4327 143)
1194 4252 1252 4312 effe
1270 4250 1429 4314 iuratione
1449 4249 1640 4314 incremento·

213 4325 331 4388 titutum
353 4323 529 4387 incrementa
542 4326 646 4387 eodem
670 4345 799 4413 tempore
818 4321 902 4407 geni·
951 4343 1014 4386 rum
1034 4345 1072 4386 eo
1093 4345 1141 4388 ern
1158 4346 1216 4388 tem
1258 4347 1288 4388 re
1301 4327 1480 4405 genitorum,
1494 4327 1568 4390 dum
1599 4325 1643 4386 ri«

215 4417 270 4469 ta,
301 4399 393 4480 ptimo
416 4399 584 4470 nascuntur,
605 4402 668 4464 suut
685 4401 899 4464 unriotmes...
954 4402 1001 4462 md
1015 4402 1167 4464 nascuntur
1180 4424 1215 4464 ve
1246 4403 1348 4464 ultimd
1360 4401 1538 4474 evanescunt,
1557 4347 1642 4464 asto·

214 4478 354 4538 Dem...
395 4477 471 4537 Cum
490 4479 704 4548 curvaACc‚
723 4495 804 4540 motu
816 4497 904 4560 punc·
954 4497 1012 4556 que
1030 4495 1062 4538 ut
1078 4479 1234 4540 fluxionutn
1250 4478 1354 4540 relatio
1375 4479 1533 4540 inveniatur
1549 4479 1642 4539 sume·

215 4549 314 4636 tic,
332 4550 489 4614 velocitate
505 4551 607 4634 quiuis
621 4554 701 4616 finiri
718 4553 903 4644 progredior·
954 4573 986 4614 re
1018 4571 1139 4632 oportet
1163 4555 1341 4616 incrementa
1365 4555 1511 4616 fluentium
1535 4556 1641 4619 eodem

215 4643 256 4702 trs
277 4623 399 4690 describi
419 4627 521 4710 poffit.
546 4627 663 4696 fiilliits
682 4632 777 4716 pendit
793 4629 903 4696 veloci·
954 4647 1084 4711 tempore
1101 4631 1218 4712 comta,
1236 4635 1277 4771 dp
1286 4630 1405 4711 primm
1422 4650 1523 4696 eorum
1543 4631 1644 4698 incrta

1316 4729 1333 4769 ὃ
1558 4723 1639 4771 mett·
