4502 5662
363 559 372 570 ⁸
456 575 618 636 florian

458 667 616 726 num.

650 459 699 528 14
942 435 1350 516 -Purrosorurra
1406 429 1746 511 Nrrunnnrs

643 601 710 686 per
746 573 1019 682 AEquatiouem
1048 575 1235 679 temporis
1266 570 1382 678 vulgi.
1472 572 1675 680 lnaequales
1714 573 1818 652 mim
1854 565 1939 653 sum
1969 563 2052 653 dier

644 691 859 780 naturales,
904 694 970 796 qui
1002 690 1118 795 uulgo
1142 709 1333 796 tanquam
1368 689 1531 797 aquales
1560 715 1632 798 pro
1666 684 1838 769 mensura
1859 695 2052 798 temporit¹

644 809 844 914 habentur.
915 807 1036 886 Hanc
1072 808 1368 915 inaequalitatem
1403 811 1602 916 corrigunt
1636 808 1882 902 nunnoni,
1923 830 1967 889 ut
2002 831 2053 888 ex

645 934 795 1008 veriore
832 946 1015 1034 tempore
1057 925 1275 1004 mansurent
1313 947 1444 1008 motus
1491 927 1671 1006 coelestes.
1748 923 1925 1006 Poisrbile
1973 928 2050 1020 est,

643 1064 686 1124 ut
710 1043 832 1123 mullus
862 1043 907 1124 srt
939 1063 1066 1122 motus
1091 1038 1283 1150 aequabilis
1307 1067 1387 1149 quo
1404 1041 1576 1149 Tempus
1604 1064 1781 1122 accurate
1804 1039 2051 1124 mensuretur.

547 1185 560 1202 “
644 1161 861 1244 Accelerati
885 1171 932 1241 dt
955 1153 1135 1240 retardari
1159 1149 1307 1266 possunt
1337 1177 1464 1238 motus
1493 1182 1640 1252 omnes,
1672 1153 1735 1238 sed
1757 1159 1878 1241 fluxus
1898 1183 2052 1268 tempo.

643 1285 693 1359 tis
712 1271 871 1358 absoluti
895 1281 1034 1357 mutati
1064 1281 1208 1384 nequit.
1266 1270 1416 1356 Eadem
1438 1275 1490 1357 est
1505 1270 1657 1356 duratio
1686 1273 1745 1357 se'u
1779 1276 2053 1383 perseverantia¹

646 1398 852 1476 exilientiz
873 1419 1024 1480 terumr
1055 1393 1132 1474 srve
1156 1414 1286 1474 motus
1312 1395 1384 1474 srut
1407 1396 1567 1488 celeres,
1599 1393 1675 1474 srve
1699 1387 1818 1489 tardi,
1849 1393 1926 1473 srv'e
1945 1395 2050 1474 uull'e

507 1515 513 1521 ’
646 1505 809 1623 proinde
836 1510 917 1594 hae
948 1541 971 1593 a
998 1508 1177 1592 mensuris
1211 1508 1282 1591 sris
1307 1508 1539 1592 sensibilibus
1557 1511 1696 1590 meritb
1722 1503 1980 1619 distinguitur,
2012 1521 2055 1591 δι

641 1659 698 1714 ert
736 1623 869 1710 iisdem
912 1632 1102 1740 colligitur
1144 1654 1211 1737 per
1243 1629 1515 1736 AEquatiouem
1551 1629 1870 1739 Astronomieam.
1931 1627 2055 1730 Hujus

520 1822 523 1828 .
649 1770 780 1834 amem
802 1753 1027 1858 aquationis
1047 1753 1088 1827 iu
1111 1740 1411 1834 determinandis
1435 1744 1699 1826 Phaenomenis
1723 1744 1936 1839 necessitas,
1971 1763 2056 1823 tum

653 1893 723 1978 per*
746 1872 1052 1975 experimentum
1072 1863 1285 1972 l-lorologii
1319 1861 1570 1957 Oscillatotii,
1597 1881 1684 1942 tum
1712 1870 1828 1944 etiam
1847 1863 1915 1970 pet
1940 1862 2055 1969 eclip-

650 1983 709 2068 ses
739 1985 949 2066 satellitum
969 1985 1292 2092 Jorisevincitur.

714 2100 778 2182 Ut
805 2096 902 2180 ordo
927 2105 1089 2209 partium
1116 2097 1320 2204 Temporis
1350 2099 1402 2178 est
1435 2095 1704 2193 immutabilis,
1735 2097 1786 2177 fic
1812 2102 1929 2178 etism
1955 2090 2057 2174 ordo

653 2224 820 2330 partium
855 2219 985 2324 Spatii.
1046 2215 1274 2294 Moveantur
1301 2213 1383 2296 hac
1413 2209 1462 2294 de
1491 2217 1590 2294 locis
1616 2217 1704 2309 suis,
1736 2225 1777 2296 δε
1800 2199 2058 2292 movebuntur

655 2344 727 2432 (ut
770 2343 826 2413 ita
851 2328 1017 2427 dicam)
1043 2323 1093 2409 de
1135 2325 1266 2438 seipsrs.
1328 2332 1435 2412 Nam
1470 2351 1648 2440 tempora
1679 2341 1719 2412 ie
1750 2328 1863 2439 spatia
1890 2331 1974 2412 sunt
2006 2329 2060 2407 sui

653 2448 822 2561 ipsorum
856 2461 897 2530 bc
931 2471 1073 2556 rerum·
1092 2451 1267 2526 omnium
1304 2447 1407 2555 quast
1427 2447 1553 2529 loca.
1626 2451 1670 2528 ln
1704 2449 1899 2554 Tempore
1929 2438 2059 2554 quoad

554 2570 582 2661 s
655 2560 837 2647 ordinem
863 2562 1126 2648 succelsrorrist
1158 2569 1197 2642 in
1230 2565 1363 2670 Spario
1399 2557 1528 2671 quoad
1559 2559 1737 2646 ordinem
1767 2564 1854 2644 situs
1885 2563 2060 2643 locantur

657 2679 840 2766 universa.
901 2683 966 2762 De
999 2683 1152 2761 illorum
1185 2673 1336 2761 essentia
1377 2682 1430 2760 est
1459 2702 1501 2760 ut
1529 2681 1600 2762 sint
1636 2685 1762 2764 Loca:
1805 2691 1845 2760 δι
1875 2681 1961 2759 loca
1989 2685 2063 2788 pri-

658 2807 777 2884 maris
813 2805 961 2882 moveri
997 2790 1199 2878 absurdum
1226 2798 1289 2875 eu.
1350 2795 1446 2876 Haec
1470 2795 1553 2879 sunt
1586 2804 1699 2908 igitur
1730 2795 1896 2878 abblata
1916 2799 2061 2886 =Locus

660 2929 702 3001 δι
727 2915 812 2998 sola
825 2913 1090 2998 transsationes
1114 2907 1163 2992 de
1184 2911 1241 2992 his
1268 2914 1364 2992 locis
1384 2911 1468 2996 sunt
1493 2913 1650 2998 absoluti
1667 2919 1818 2997 Motus.

722 3037 1079 3142 Verumquoniam
1103 3029 1162 3110 hae
1186 3033 1307 3138 Spatii
1326 3051 1449 3137 partes
1474 3027 1595 3112 videri
1621 3051 1836 3141 nequeunt,
1866 3041 1910 3113 oc
1933 3029 1981 3114 ab
2008 3038 2063 3112 in-

661 3159 788 3233 vicem
812 3178 883 3262 pet
902 3146 1027 3230 vsen-sus
1054 3151 1202 3228 nostros
1223 3138 1412 3254 distinguis
1441 3175 1573 3228 earum
1596 3158 1683 3252 viee
1706 3145 1931 3230 adhibemus
1955 3175 2063 3231 men-

662 3265 759 3350 suras
779 3267 981 3358 „smsrbiles
1038 3269 1098 3348 Ex
1121 3260 1367 3373 positionibus
1388 3271 1492 3344 enim
1519 3275 1560 3346 &
1587 3261 1767 3347 distantiIs
1789 3268 1957 3348 rerum}
1980 3295 2064 3348 cot·

662 3409 757 3494 pote
794 3387 961 3493 aliquo,
1003 3377 1110 3492 qood
1145 3379 1349 3488 spesiamus
1392 3405 1434 3462 ut
1470 3381 1697 3477 immobile,
1742 3375 1945 3466 definimus
1979 3387 2065 3466 toea

664 3492 857 3582 universa:
889 3493 1029 3580 deinde
1069 3502 1186 3579 etiam
1218 3508 1257 3578 &z
1286 3523 1421 3578 omnes
1452 3521 1581 3580 motus
1615 3505 1839 3581 aestimamus
1872 3527 1962 3582 cum
1995 3501 2066 3584 res

656 3621 777 3728 'pediu
811 3612 859 3698 ad
894 3611 1077 3726 praediilta¹
1090 3616 1204 3708 loca,
1235 3636 1419 3722 quatenus
1448 3642 1609 3725 corpora
1638 3617 1688 3698 ab
1716 3609 1848 3698 iisdem
1874 3617 2065 3700 transferri

663 3741 914 3843 concipimus.
950 3735 1013 3817 Sic
1038 3737 1123 3810 vice
1148 3733 1324 3813 locorum
1346 3745 1387 3815 δι
1417 3755 1595 3815 motuum
1624 3732 1878 3816 absolutorum
1904 3739 2067 3818 relativis

668 3861 832 3948 utimur,
863 3877 937 3930 nec
972 3844 1220 3930 incommode
1262 3855 1302 3930 in
1336 3849 1447 3930 rebus
1489 3850 1682 3933 humanis:
1720 3857 1759 3930 in
1793 3850 2068 3962 Plrilosophicis

667 3995 796 4052 autem
835 3962 1125 4049 abstrahendum
1154 3968 1205 4046 est
1230 3995 1253 4046 a
1278 3965 1451 4050 senffous.
1495 3969 1627 4049 ·Fieri
1659 3975 1803 4051 etenim
1841 3973 1983 4079 potest,
2026 3993 2080 4052 ut.

667 4089 823 4170 nullum·
834 4112 964 4166 revera
982 4083 1146 4194 quiescat
1160 4111 1309 4191 corpus,
1339 4081 1390 4166 ad
1405 4080 1511 4194 quod
1526 4088 1611 4164 loca
1627 4084 1828 4194 motusque
1850 4083 2072 4172 reserantur.

626 4297 630 4303 ,
727 4207 1019 4312 Distinguuntur
1047 4223 1175 4282 autern
1204 4203 1327 4305 Quies
1360 4215 1401 4286 δι
1429 4199 1568 4282 Motus
1592 4201 1751 4284 absoluti
1781 4213 1822 4284 δι
1852 4204 1996 4286 relativi
2022 4205 2071 4284 ab

667 4328 835 4404 invicem
863 4348 929 4430 per
963 4321 1214 4428 proprietates
1245 4316 1325 4400 suas
1362 4316 1573 4404 &Causas
1614 4331 1654 4401 &
1682 4315 1857 4402 Effems.
1918 4325 2072 4426 Quietis

667 4446 875 4548 proprietas
907 4439 986 4538 est,
1028 4431 1134 4544 quod
1166 4463 1329 4543 corpora
1356 4433 1447 4520 veri:
1475 4436 1704 4544 quiescentia
1737 4435 1933 4547 quiescunt
1972 4445 2075 4520 inter

668 4553 716 4639 se.
778 4551 948 4664 Ideoque
983 4581 1073 4636 cum
1098 4553 1268 4664 poffibile
1297 4553 1371 4654 stt,
1404 4577 1448 4640 ut
1479 4579 1614 4670 corpus
1647 4551 1803 4666 aliquod
1839 4564 1879 4638 in
1910 4563 2076 4670 regioni-⁴

1851 4707 1854 4713 ·
2003 4671 2075 4753 bus
