4502 5662
739 435 1229 522 PRAEFATIO
1538 464 1708 537 xmu

215 583 320 670 cebit
344 611 470 690 neque
491 580 640 664 extensa
671 575 764 680 eise,
787 611 859 664 nec
884 583 1054 678 mobilia,
1086 612 1159 664 nec
1177 579 1505 692 impenetrabilia,
1539 613 1630 665 cum
1648 584 1708 668 har

118 803 134 814 .
215 696 1160 802 mmmfflfflmmmfflmmmffimm
1223 697 1706 809 Qfflmmfflmfflw

212 829 312 904 inter
337 827 528 930 primarias
553 822 750 932 qualitates
774 848 983 930 corporum
1012 822 1270 902 universorum
1297 823 1356 899 vel
1389 828 1551 928 gravitas
1584 821 1700 902 habe.

214 939 272 1020 bit
286 942 433 1025 locumr
461 941 520 1018 vel
539 939 721 1033 extensm,
750 938 960 1036 mobilitas,
990 938 1377 1049 &impenetrabilitas
1396 966 1475 1020 non
1494 939 1706 1025 habebunt.

214 1061 262 1140 Et
288 1083 420 1138 natura
449 1084 574 1137 rerum
602 1063 661 1140 vel
693 1055 792 1137 reete
822 1057 1070 1166 explicabitur
1104 1085 1171 1170 per
1205 1084 1412 1166 corporum
1448 1057 1702 1168 gravitatem,

212 1179 275 1258 vel
302 1202 381 1259 non
406 1175 506 1256 recte
531 1174 779 1285 explicabitur
794 1205 860 1288 pet
879 1202 1088 1286 corporum
1107 1175 1388 1274 extensionem,
1420 1176 1700 1276 mobilitatem,

214 1291 696 1400 &Mmmfflfflmt
1670 1305 1673 1312 '

272 1408 404 1496 Audio
431 1415 635 1493 nonnullos
663 1413 762 1492 hanc
790 1409 1007 1520 improbare
1036 1411 1348 1507 concitionem,
1394 1423 1434 1493 δι
1467 1409 1515 1494 de
1542 1420 1704 1499 occultis

212 1529 454 1642 qualitatibus
470 1529 597 1610 nescio
614 1526 706 1634 quid
724 1530 925 1612 mussrtare.
1000 1532 1239 1612 Gravitatem
1256 1529 1397 1611 scilicet
1415 1537 1613 1615 occultum
1630 1527 1704 1616 elle

211 1645 327 1759 quid,
360 1652 546 1760 perpetuo
571 1659 733 1757 argutari
756 1648 895 1747 solent,
923 1651 1094 1729 occultas
1121 1647 1212 1728 verb
1233 1648 1358 1729 causas
1375 1652 1510 1755 procul
1541 1647 1613 1732 elle
1636 1652 1702 1734 ab.

210 1761 1703 1877 hffifflnmfflwffi.fflmwmfflmmmmwnoemmfflc

213 1883 350 1976 causas,
381 1911 461 1964 non
487 1888 566 1964 illas
588 1879 745 1994 quidem
772 1912 934 1996 quarum
957 1887 1151 1968 existentia
1173 1912 1238 1991 per
1264 1884 1547 1968 observationes
1578 1884 1700 1968 claris.

209 2003 302 2084 same
326 1999 617 2096 demonstratur,
644 1995 706 2082 led
730 2003 795 2084 has
821 2001 939 2083 solum
961 2031 1121 2107 quarum
1141 2005 1293 2082 occulta
1309 2005 1359 2082 est
1379 2015 1417 2082 δι
1435 2005 1520 2084 fieta
1540 2009 1704 2086 existen·

210 2117 1703 2232 fflwffimmemmaGmmmfflmmMmmwm

209 2263 388 2320 motuum
415 2240 654 2320 coelestium;
689 2233 874 2346 liquidem
901 2267 947 2320 ex
979 2242 1239 2346 phoenomenis
1270 2239 1457 2320 ostensum
1489 2243 1568 2337 est,
1600 2241 1701 2322 hanc

208 2352 1697 2466 mmmmfflfflffleHmmmMQMmfflfflme

207 2483 275 2580 qui
300 2474 426 2556 nescio
453 2501 550 2580 quos
574 2481 761 2569 vortices,
792 2479 959 2552 materiae
983 2469 1175 2575 cujusdam
1201 2475 1351 2584 prorshs
1378 2476 1520 2558 fislitiae
1538 2487 1578 2558 δι
1595 2477 1704 2560 senfi-

206 2588 278 2672 bus
306 2601 467 2674 omnino
488 2597 650 2701 ignotas,
684 2589 852 2670 motibus
878 2585 1012 2670 iisdem
1039 2587 1216 2700 regendis
1244 2593 1468 2702 praeficiunt.

264 2708 406 2793 ldeone
433 2734 560 2790 autern
582 2717 745 2818 gravitas
768 2711 920 2790 occulta
940 2706 1047 2789 causa
1073 2706 1243 2806 dicetur,
1275 2737 1403 2819 eoque
1426 2721 1588 2794 nomine
1618 2714 1703 2814 reji-

203 2831 327 2910 cictur
350 2829 370 2909 ὲ
396 2826 653 2936 philosophis,
681 2821 788 2932 quod
813 2825 921 2907 causa
945 2827 1053 2934 ipsrus
1079 2834 1272 2935 gravitatis
1296 2833 1448 2909 occulta
1466 2834 1518 2912 est
1541 2845 1582 2914 δι
1601 2858 1697 2912 non.

205 2935 298 3028 dum
316 2953 491 3029 inventa?
511 2951 591 3052 Qui
614 2945 662 3022 stc
683 2950 867 3038 statuunt,
897 2941 1053 3026 videant
1071 2941 1214 3052 nequid
1231 2949 1393 3027 statuant
1409 2945 1570 3045 absurdi,
1598 2941 1701 3031 unde

205 3074 323 3154 totius
346 3059 502 3146 tandem
523 3061 768 3173 philosophiae
794 3059 1042 3146 fundamenta
1068 3065 1342 3145 convellantur.
1404 3069 1558 3148 Etenim
1580 3065 1698 3148 causae

207 3194 518 3282 continuo-nexu
543 3176 749 3288 procedere
774 3185 893 3264 solent
917 3183 937 3262 a
962 3182 1181 3290 compositis
1211 3181 1259 3262 ad
1282 3184 1531 3292 fimpliciora:
1561 3185 1626 3266 ubi
1649 3177 1701 3264 ad

205 3307 353 3391 causam
372 3299 675 3408 simplicissimam
693 3306 926 3404 perveneris,
958 3306 1033 3402 jam
1060 3327 1139 3378 non
1165 3302 1296 3381 licebit
1324 3302 1476 3382 ulteriirs
1504 3296 1694 3412 progredi.

205 3421 336 3510 Causae
360 3429 474 3530 igitur
499 3417 775 3526 simplicissimae
797 3419 899 3499 nulla
922 3415 1002 3498 dati
1024 3421 1146 3525 potest
1165 3421 1389 3499 mechanica
1414 3423 1635 3527 explicatio:
1672 3421 1700 3502 sr

205 3531 1699 3649 memmfflmmmfflfflmfflm.Qmmffle

206 3659 332 3746 causas
356 3655 636 3763 simplicissimas
664 3655 866 3762 appellabis
899 3657 1091 3748 occultas,
1122 3665 1162 3736 &
1192 3658 1344 3736 exulare
1366 3654 1539 3756 jubebis?
1579 3658 1716 3760 Simul!

206 3782 302 3864 verb
330 3774 599 3857 exulabant&
627 3771 675 3854 ab
701 3773 760 3852 his
789 3772 964 3883 proxime
992 3767 1199 3879 pendentes
1233 3787 1272 3856 &
1297 3803 1381 3882 quae
1409 3772 1456 3855 ab
1483 3777 1555 3854 illis
1580 3774 1702 3884 porrb

205 3891 400 4010 pendent,
433 3893 548 4000 usque
574 3889 668 3972 dum
693 3891 715 3972 a
737 3893 853 3974 caulis
879 3890 1058 3973 omnibus
1085 3920 1204 3972 vacua
1226 3890 1339 3972 suerit
1359 3905 1399 3972 δι
1418 3890 1537 4000 probe
1560 3921 1697 4004 purga·

206 4039 247 4100 ta
269 4012 516 4126 philosophia.

267 4138 364 4217 Sunt
393 4136 458 4239 qui
485 4135 712 4238 gravitatem
737 4149 870 4236 praeter
897 4149 1070 4207 naturam
1099 4119 1172 4206 esse
1200 4119 1358 4220 dicunt,
1391 4137 1431 4208 &
1469 4129 1700 4208 miraculum

204 4275 432 4364 perpetuum
458 4270 609 4329 vocant.
670 4251 804 4356 ltaque
831 4239 1076 4350 rejiciendam
1095 4237 1167 4324 elle
1184 4247 1336 4338 volunt,
1369 4245 1460 4324 clam
1491 4253 1529 4325 in
1548 4245 1698 4354 physrci

203 4370 528 4480 praeternaturales
562 4364 678 4446 causac
710 4369 842 4447 locum
876 4393 955 4446 non
991 4361 1169 4444 habeant.
1239 4363 1342 4442 Huic
1376 4369 1521 4472 ineptae
1551 4361 1698 4470 prorsus

202 4489 410 4595 abjestioni
435 4481 643 4576 diluenda,
675 4513 759 4594 quae
780 4495 818 4566 tx
834 4482 911 4594 ipsa
924 4481 1203 4592 philosophiam
1218 4480 1359 4561 subruit
1377 4479 1605 4577 uniuersam,
1632 4487 1699 4562 vix

200 4629 328 4716 operae
355 4615 520 4717 pretium
545 4609 596 4690 est
614 4608 824 4687 immorari.
887 4604 959 4686 Vel
987 4608 1091 4682 enim
1120 4607 1349 4712 gravitatem
1370 4598 1594 4709 corporibus
1612 4623 1697 4678 om·

197 4725 320 4816 nibus
344 4720 511 4812 inclitam
536 4717 609 4812 effe
638 4721 855 4838 negabunt:
886 4713 999 4838 quod
1020 4746 1153 4812 tamen
1180 4713 1258 4806 dici
1288 4747 1369 4804 uon
1388 4721 1532 4832 potest:
1561 4717 1623 4849 vel
1648 4743 1696 4796 eo

1528 4839 1699 4924 nomiae
