4502 5662
399 319 696 488 ‘mxx-um
923 429 925 434 ·
1089 374 1564 482 EDITORIS.

522 533 672 610 tenacia
695 523 836 606 fuerint
857 518 909 610 ni
938 521 1147 606 instarolei
1170 532 1212 604 tic
1243 523 1378 604 mellis.
1439 523 1661 606 Refistentia
1688 514 1955 628 quatientium
1984 521 2028 602 in

526 651 628 736 a‘e're,
661 670 774 751 aqua,
800 635 1055 748 hydrargyro,
1087 648 1127 721 δι
1154 632 1368 741 hujusmodi
1386 633 1510 719 fluidis
1534 657 1614 719 non
1627 635 1822 736 tenacibus
1842 631 1920 715 fere
1942 654 2028 718 tota

467 819 470 838 .
526 765 579 854 est
596 763 916 869 priorisgenetis3
947 769 988 844 δι
1016 761 1250 838 minuinon
1274 757 1396 862 potest
1412 781 1479 863 pet
1504 758 2026 863 ulterioremquemcunque

526 871 688 990 gradum
709 873 941 970 subtilitatis,
972 893 1152 960 manente
1175 867 1281 954 fluidi
1307 866 1489 953 densitate
1512 873 1575 950 vel
1598 879 1637 952 vi
1655 877 1818 966 inertia,
1847 878 1911 954 cui
1930 870 2026 951 sesm-

460 1051 462 1054 ·
530 1023 597 1105 per
622 993 914 1100 proportionalis
937 992 989 1072 est
1011 991 1094 1072 hac
1121 993 1344 1074 tefistenrias
1375 984 1707 1100 quamadmodum
1734 988 1931 1084 ciariffimi:
1957 981 2025 1068 de-

531 1115 779 1198 monstratum
804 1108 922 1193 eit-ab
951 1112 1105 1192 austore
1140 1111 1331 1189 nostroin
1353 1115 1575 1217 peregregia·
1596 1109 1885 1211 refistentiarum
1914 1104 2026 1186 theo.

529 1232 615 1327 rii,
637 1257 719 1338 qua
734 1231 845 1336 paulo
866 1255 969 1310 nunc
993 1227 1444 1334 accuratiusexponitur,
1479 1223 1552 1304 hac
1578 1220 1876 1322 secundtvice,
1897 1233 1938 1306 &
1955 1247 2025 1332 per

530 1355 789 1457 experimenta
813 1371 1020 1455 corporum
1041 1337 1260 1426 cadentium
1288 1343 1433 1452 plenius
1452 1339 1719 1426 confirmatur..
1768 1443 1771 1453 .

455 1521 457 1528 ·
587 1465 765 1572 Corpora
785 1456 1067 1574 progrediendo
1086 1485 1239 1543 morum
1261 1461 1366 1542 suum
1383 1453 1503 1544 fluido
1517 1458 1703 1542 ambienti
1717 1461 2030 1568 pauiatimcom·

529 1588 751 1676 manicam,
783 1591 824 1664 &
848 1574 1180 1661 communicando·
1200 1586 1400 1670 amittunt,
1428 1574 1650 1658 amittendo.
1668 1602 1797 1659 autem
1825 1570 2025 1658 retardan-

385 1727 406 1754 'x
527 1723 607 1786 tur,
659 1701 727 1790 Est;
748 1704 877 1806 itaque
904 1692 1117 1780 retardatio,
1135 1705 1259 1778 motui
1279 1704 1568 1778 communicato
1594 1697 1912 1805 proportionalist
1939 1719 2023 1780 mou

527 1839 587 1906 tus
613 1843 710 1898 vero.
729 1823 1053 1912 communicatus,
1087 1815 1151 1900 ubi
1178 1811 1288 1896 datur
1310 1821 1481 1920 corporis
1514 1810 1790 1920 progredientis
1821 1815 2023 1908 velocitas,

527 1938 579 2014 eii
615 1956 656 2012 ut
687 1927 793 2012 fluidi
823 1929 1008 2021 denfitas3
1040 1961 1131 2040 ergo
1163 1927 1458 2013 retardatioseu.
1486 1932 1685 2013 resistentia
1713 1939 1785 2011 erit
1811 1953 1855 2012 ut
1881 1923 2025 2012 eadem-

526 2045 633 2130 iiuidi
659 2044 855 2137 denfitast
881 2079 1009 2158 neque
1031 2052 1111 2130 ullo
1133 2054 1248 2159 putto.
1270 2050 1352 2129 tolli
1381 2051 1523 2154 potest,
1553 2050 1621 2130 nifi
1643 2052 1666 2130 t
1691 2043 1819 2129 fluido
1834 2043 1882 2129 ad
1898 2069 2029 2158 partes

526 2175 703 2275 corporis,
723 2171 879 2276 posticas
902 2191 1121 2252 recurrente
1146 2172 1356 2249 restituatur
1389 2188 1516 2244 motus
1540 2161 1700 2248 annitius.
1769 2169 1862 2248 Hoc
1890 2187 2021 2246 autem

524 2280 606 2365 dici·
621 2311 701 2364 non
725 2291 884 2394 poterit,
916 2287 984 2368 niti
1002 2285 1191 2393 impreffio
1213 2278 1318 2366 fluidi
1344 2291 1382 2362 in
1408 2309 1548 2390 corpus
1564 2280 1758 2391 ad.partes
1787 2287 1948 2392 posticas
1973 2309 2027 2362 a..

524 2405 645 2512 qualis
665 2402 783 2488 fuerit
807 2403 1044 2509 impreffioni-
1067 2411 1236 2510 corporis
1264 2410 1304 2481 in
1327 2395 1487 2480 fluidum
1519 2398 1575 2482 a&
1599 2425 1722 2509 partes
1744 2410 1909 2496 anticas,
1939 2400 2019 2482 hoc

524 2523 595 2614 est,
625 2519 695 2598 nist
719 2522 900 2600 velocitas
923 2521 1079 2599 relativa
1097 2521 1172 2627 qui
1202 2513 1362 2599 fluidum
1392 2525 1502 2602 irruit
1526 2527 1567 2600 in
1591 2547 1728 2627 corpus
1753 2521 1775 2600 *a
1803 2543 1937 2628 tergo,
1967 2545 2023 2599 ω·

524 2638 644 2746 qualis
668 2637 781 2716 suerit
800 2641 1003 2717 velocitati
1022 2638 1096 2743 qui
1114 2663 1250 2745 corpus
1274 2643 1383 2714 irruit
1398 2643 1438 2715 in
1455 2633 1637 2735 fluidum,
1668 2632 1797 2734 idest,
1827 2639 1895 2716 nifi
1913 2638 2026 2716 velo..
2050 2637 2055 2640 ’

523 2763 616 2840 citas
640 2752 808 2834 absoluta
832 2750 1192 2838 fluidinecurrentis.
1210 2749 1329 2861 duplo
1349 2756 1469 2853 major
1493 2751 1606 2836 fiterit
1624 2784 1740 2864 quam
1755 2743 1938 2835 velocitas
1955 2751 2023 2834 ab·

522 2871 641 2958 soluta
677 2861 781 2952 fluidi
817 2872 975 2979 propulit
993 2901 1011 2958 3.
1034 2866 1141 2978 quod
1168 2874 1249 2951 fieri
1285 2877 1431 2978 nequit.
1493 2873 1614 2956 Nullo
1646 2882 1760 2982 igitur
1790 2865 1911 2952 modo
1935 2873 2024 2953 toili-

520 2993 643 3097 potcst
676 2981 887 3090 fluidorum
915 2989 1140 3082 resistentia,
1170 3016 1255 3097 quae
1282 2996 1413 3069 oritur·
1435 2987 1483 3068 ab
1520 2987 1732 3070 eorundem
1763 2987 1947 3070 densrtate
1975 2999 2017 3070 δι

500 3113 566 3200 ui·
586 3112 739 3194 inertiae.
801 3109 933 3215 Itaque
966 3100 1278 3186 concludendum
1311 3113 1412 3191 eritt
1435 3102 1540 3188 fluidi
1576 3111 1737 3194 coelestis
1762 3110 1909 3188 nuliam
1944 3098 2026 3186 effe·

519 3229 600 3304 vim
636 3231 808 3324 inertiae,
831 3227 921 3305 cirm
945 3227 1047 3305 nulia
1065 3224 1115 3304 stt·
1132 3232 1188 3311 vis
1217 3217 1427 3304 resistendi:
1456 3211 1600 3306 nullam
1626 3221 1699 3306 effe
1724 3233 1804 3308 vim
1829 3226 1906 3335 qui
1932 3250 2024 3306 mo..

519 3363 578 3422 tus
602 3355 929 3434 communicetur,
959 3343 1058 3426 cum
1075 3343 1178 3422 nulla
1206 3338 1250 3422 iit
1273 3348 1329 3420 vis
1362 3349 1529 3426 inertiae:
1565 3346 1708 3428 nullam
1728 3338 1800 3425 effe
1827 3351 1907 3424 vim
1940 3341 2023 3452 quit.

519 3467 683 3540 mutatio
708 3461 887 3567 q'uaeiibet
904 3461 963 3538 vel
985 3458 1208 3567 corporibus
1227 3457 1376 3566 fingulis
1399 3463 1458 3538 vel
1474 3462 1643 3568 pluribus
1667 3457 1888 3558 inducatur,
1923 3462 2023 3544 cum

517 3579 619 3661 nulla
643 3577 687 3676 stt
711 3586 766 3657 vis
796 3579 871 3686 qui
895 3596 1031 3655 motus.
1052 3579 1359 3656 communicetur
1368 3607 1381 3664 ς
1420 3579 1563 3664 nuliam
1588 3573 1660 3662 eise
1688 3581 1851 3662 omnino
1882 3581 2015 3663 effica-

518 3703 634 3789 ciam,
664 3721 753 3778 cum
769 3697 871 3776 nulia
894 3694 940 3774 stt
954 3691 1111 3776 facultas
1129 3701 1389 3775 mutationem
1400 3697 1611 3803 quamlibet
1635 3691 1854 3780 inducendi.
1887 3692 2015 3804 Quida

425 3861 427 3868 ‹
515 3820 556 3892 ni
576 3837 668 3918 ergo
684 3813 784 3892 hanc
802 3809 1038 3919 hypothesin,
1070 3839 1154 3918 quae
1176 3804 1427 3896 fundamento
1450 3815 1560 3919 plane
1584 3809 1819 3912 destituitur,
1852 3843 2020 3927 quaque·

516 3953 663 4022 naturae,
680 3957 805 4010 rerum
828 3924 1060 4039 explicandae
1073 3958 1124 4009 ne
1146 3932 1350 4010 minimum
1369 3926 1525 4039 quidem
1549 3931 1711 4029 inservit,
1743 3937 2012 4043 ineptissimam

514 4074 654 4134 vocare
677 4048 855 4132 liceat&
885 4046 1110 4155 philosopho
1139 4045 1534 4157 pr·otsi1sindignam.'
1589 4053 1671 4158 Qui
1701 4055 1822 4133 coelos
1848 4053 2012 4134 materiis

513 4157 629 4256 fluidi
654 4159 913 4271 repletosess'e
932 4166 1096 4260 volunt,
1129 4166 1228 4246 hane
1254 4167 1344 4246 vero
1368 4195 1448 4247 non
1469 4174 1632 4249 inertem
1658 4165 1730 4251 effe
1754 4165 1939 4253 statuuntt
1967 4172 2021 4254 ht

512 4278 638 4361 verbis
660 4285 799 4367 tollunt
821 4309 998 4378 vacuum,
1031 4312 1071 4371 re
1089 4307 1246 4392 ponunt,
1294 4287 1399 4366 Nam
1419 4311 1507 4366 cum
1526 4283 1740 4390 hujusmodi
1755 4297 1914 4370 materia
1928 4287 2015 4372 flur.

511 4397 723 4512 damtione
742 4405 851 4484 nuliis
863 4404 1003 4482 secerni
1026 4401 1135 4508 poffit
1149 4399 1196 4482 ab
1215 4408 1317 4481 inani
1339 4401 1469 4511 spatio-3
1501 4398 1702 4513 disputatio
1719 4429 1801 4488 tota
1825 4410 1870 4488 fir
1885 4401 2019 4490 derea

507 4547 599 4608 sum
613 4519 862 4616 nominibus,
892 4513 1036 4600 nonde
1054 4527 1209 4600 naturis.
1263 4515 1387 4626 Quod
1405 4523 1431 4602 st
1449 4525 1567 4632 aliqui
1589 4527 1660 4603 smt
1679 4519 1775 4607 adei)
1801 4524 1917 4633 usque
1940 4519 2011 4606 do·

507 4630 579 4730 diti
599 4646 765 4728 materia
785 4697 805 4750 ‚x
833 4661 876 4732 ut.
889 4636 1085 4760 spatium&
1110 4637 1332 4758 corporibus
1349 4668 1512 4730 vacuum
1535 4643 1642 4730 nuto,
1660 4645 1772 4756 patio
1796 4637 2006 4728 admitten-

1911 4755 2018 4849 ω
2103 4801 2105 4806 ,
