4502 5662
506 523 510 530 .
608 451 632 526 6
880 441 1322 526 Purrosorura
1382 439 1735 529 Nrruaatrs

335 633 339 644 ,
418 575 578 638 ostili·

352 665 353 668 ’
417 664 571 720 nolles.

601 609 705 671 trum
731 593 861 676 terrae'r
905 590 972 670 Vis
999 587 1251 693 Magnetica,
1296 584 1373 695 quai
1402 585 1545 669 ferrum
1573 593 1669 697 perit
1699 600 1919 698 magnetem
1931 614 1963 677 ς·
1977 596 2026 672 &-

602 709 669 788 Vis
696 707 784 802 illa,
817 730 1055 815 quaecunque
1088 703 1157 799 stt,
1202 702 1279 814 qui
1306 705 1471 785 Pla'netae
1506 724 1696 815 perpetuo
1721 705 1964 790 retrahuntur
1995 734 2018 788 a

600 821 770 906 motibus
793 822 1007 914 restilineis,
1040 831 1081 904 δι
1106 827 1146 900 in
1167 823 1275 903 lineis
1296 829 1425 905 curvis
1449 825 1594 904 revolvi
1625 845 1827 935 coguntur.
1888 829 2017 934 Lapis,

600 939 642 1024 in
655 936 774 1023 -fuuda
790 942 1053 1034 circumastus,
1085 967 1107 1018 a
1126 945 1411 1049 clrcumagente
1428 967 1547 1022 manu
1566 938 1671 1024 abire
1692 966 1868 1032 conatur5
1897 955 1937 1025 &
1953 969 2019 1022 co.

601 1084 694 1145 natu
709 1059 775 1142 suo
803 1051 963 1140 fundam
981 1049 1184 1153 distendit,
1215 1085 1341 1167 eoque
1363 1057 1497 1142 fortius
1519 1085 1599 1168 quo
1615 1063 1774 1144 celerius
1794 1062 2022 1147 revolviturr.

522 1223 529 1230 ·
601 1179 950 1290 &quamprimum
981 1169 1213 1270 dimittitur,
1255 1177 1393 1260 auolat.
1430 1175 1434 1188 '
1480 1180 1573 1260 Vim
1598 1187 1752 1262 conatui
1780 1179 1837 1260 illi
1867 1204 2020 1262 contra·
2112 1207 2124 1306 ζ

601 1304 724 1395 riam,
772 1297 847 1406 quai
883 1287 1001 1375 funda
1038 1285 1205 1402 lapidem
1243 1301 1285 1376 in
1319 1320 1478 1376 manum
1507 1317 1693 1405 perpetuo
1722 1295 1879 1380 retrahit
1909 1304 2020 1380 &in

601 1413 697 1496 orbe
723 1419 885 1510 retinet,
918 1416 1103 1522 quoniam
1128 1417 1171 1491 in
1198 1438 1358 1496 manum
1386 1441 1459 1494 ceu
1486 1409 1593 1492 orbis
1607 1501 1610 1506 ,
1623 1438 1801 1499 centrum
1830 1408 2020 1526 dirigitur,

576 1529 868 1642 ¹Centri'petam
896 1531 1056 1640 appello.
1116 1531 1165 1612 Et
1191 1558 1257 1640 par
1287 1535 1339 1611 est
1366 1539 1465 1646 ratio
1492 1521 1557 1627 (f)
1589 1558 1797 1643 corporum
1827 1539 2018 1629 omnium,

506 1739 507 1742 a
596 1649 758 1763 φιάλη
788 1675 925 1778 gyrum
952 1645 1154 1758 aguntun'
1186 1649 1389 1732 Conantur
1418 1676 1462 1729 ea
1488 1656 1620 1732 omnia
1649 1681 1672 1732 a
1698 1658 1836 1734 centris
1864 1649 2019 1733 orbium
2107 1655 2109 1660 ’
2239 1737 2240 1744 Ν

603 1761 807 1856 recederet
849 1778 890 1850 δι
929 1767 997 1848 nist
1027 1765 1120 1851 adsrt
1155 1772 1212 1847 vis
1248 1771 1376 1876 aliqua
1411 1774 1567 1848 conatui
1599 1771 1655 1851 isti
1671 1799 1673 1802 ·
1692 1774 1911 1866 contraria,
1943 1769 2020 1879 qui
2147 1865 2161 1880 α
2239 1793 2240 1850 l

604 1886 923 1984 cohibeantur&
949 1893 989 1967 in
1016 1883 1171 1966 orbibus
1197 1889 1455 1982 retineantur,
1488 1913 1683 1997 quamque
1701 1883 1795 1970 ideo
1818 1888 2021 1996 Centripe·

602 2027 685 2089 tam
710 2007 889 2116 appello,
923 2001 1082 2084 abibunt
1108 2009 1148 2086 in
1173 2004 1282 2084 restis
1308 2007 1417 2085 lineis
1441 2003 1621 2087 uniformi
1642 2033 1733 2091 cum
1756 2032 1880 2090 motu,
1929 2009 2021 2088 Pro-

603 2126 751 2233 jetttle,
792 2123 883 2204 srvi
907 2125 1113 2206 Gravitatis
1143 2114 1438 2217 destitueretur,
1478 2146 1560 2204 non
1588 2118 1850 2208 deflecteretur
1875 2130 1916 2206 in
1946 2145 2021 2204 ter·¹

604 2269 715 2338 tarn,
753 2235 886 2322 sedin
910 2244 1010 2322 linea
1034 2241 1138 2326 reeta
1164 2237 1286 2323 abiret
1318 2247 1358 2321 in
1385 2243 1535 2348 coelos3
1578 2236 1696 2353 idque
1721 2242 1903 2326 uniformi
1930 2268 2021 2330 cum

604 2381 739 2458 motu,
770 2360 798 2439 sr
816 2352 937 2441 modo
963 2364 1058 2442 aeris
1081 2355 1285 2468 resrstentia
1306 2347 1514 2466 tplleretur.
1573 2363 1647 2443 Per
1667 2367 1895 2471 gravitatem
1916 2355 2021 2440 suam

604 2477 808 2562 retrahitur
849 2507 871 2560 a
908 2473 1017 2560 eursu
1056 2475 1252 2558 renniaco
1281 2487 1324 2560 te
1357 2484 1398 2560 in
1432 2500 1574 2560 terram
1607 2497 1804 2588 perpetuo·
1827 2479 2019 2574 fleturus,

605 2589 723 2706 idque
751 2600 871 2706 magis
900 2597 963 2684 vel
987 2600 1116 2694 miuus
1141 2620 1213 2703 pro
1240 2601 1426 2707 gravitate
1460 2594 1524 2678 sua
1564 2607 1607 2682 lle
1641 2598 1844 2681 velocitate
1876 2616 2020 2682 motus.

646 2951 689 3027 (f
701 2949 715 3028 )
757 2965 800 3012 to.
823 2950 1081 3032 cumulataque·
1156 2991 1160 2994 w

607 3027 650 3086 ris
684 3045 767 3087 curva
796 3025 968 3091 confiderari
1000 3029 1081 3109 poffit

608 3117 744 3189 tanquam
764 3105 958 3183 polygonum,
978 3121 1013 3163 ex
1032 3105 1095 3180 in-¹

608 3176 696 3256 finiere
714 3197 854 3248 numero,
875 3195 962 3260 atque
982 3177 1080 3240 infini-

606 3251 637 3312 te*
659 3253 750 3334 parvis
774 3252 824 3314 seu
848 3253 1080 3316 evanescentibus

605 3327 756 3405 luteribus⁸
770 3329 854 3391 redit
879 3329 1077 3411 compohtum.

606 3404 637 3463 Si
662 3424 764 3485 eorpus
786 3407 817 3465 in
845 3406 930 3467 curvi
958 3415 979 3467 Β
1003 3409 1025 3464 Β
1050 3409 1079 3466 H
1128 3419 1134 3434 ·

604 3481 647 3546 ll,
667 3499 825 3549 moveatur,
847 3481 877 3542 in
891 3480 1003 3572 lingulis
1019 3501 1081 3543 cur·

605 3575 646 3616 vae
662 3557 769 3632 punitis
789 3563 811 3616 E
830 3557 920 3617 fertur
937 3557 1017 3638 juxti
1034 3558 1079 3619 ‹li-

604 3630 764 3692 teffionem
788 3632 887 3694 lateris
910 3633 1081 3694 evanescen-

603 3705 697 3768 eenris
717 3713 738 3766 Ε
758 3729 798 3775 e,
834 3709 964 3790 adeoque
986 3709 1005 3769 sr
1026 3709 1077 3769 irbi
1114 3747 1115 3750 =

604 3782 842 3863 relinqueretur,
861 3805 915 3846 nec
931 3783 1077 3847 alteravit

604 3856 636 3918 in
663 3859 847 3920 extremitate
872 3859 955 3940 hujus
981 3861 1080 3924 retlaer

606 3939 678 4002 Ee,
705 3935 780 3996 illud
799 3937 977 4004 retraheret,
997 3939 1024 3993 &
1044 3934 1076 3992 in

604 4011 722 4077 lineam,
742 4030 758 4071 e
775 4031 813 4079 m,
831 4011 1000 4078 infletleret,
1014 4028 1076 4088 per·

592 4087 696 4165 'petuo
713 4103 801 4166 arque
819 4087 996 4164 aequabiliter
1013 4102 1078 4142 mo-

605 4179 722 4222 veretur
736 4182 786 4242 per
802 4165 916 4230 retiam,
936 4168 995 4227 Ee,
1012 4177 1076 4237 pro·

608 4238 719 4298 dottam
737 4239 799 4315 (9)
818 4257 853 4298 ae
871 4234 991 4317 proinde*
1009 4251 1075 4293 cum

604 4311 683 4374 linea
703 4319 757 4374 Ee
783 4312 943 4391 producta,
975 4307 1009 4370 fit
1034 4307 1076 4394 ip·

607 4387 639 4450 sa
655 4409 744 4450 curvae
762 4405 880 4466 tangens
899 4395 921 4446 E
943 4387 985 4453 F,
1011 4401 1078 4442 um-
1161 4456 1169 4470 ·

606 4463 740 4526 formiter
751 4477 914 4524 moveretur
925 4479 974 4549 per
984 4471 1190 4546 tangentem-m
1200 4481 1288 4542 pune·
1338 4463 1434 4528 orbiti
1464 4463 1511 4526 sut
1539 4469 1696 4540 retinerem
1724 4489 1782 4552 quo
1807 4473 1902 4553 major
1921 4473 1961 4538 eh
1980 4476 2024 4536 vie

605 4555 641 4618 ro
664 4545 700 4603 E,
735 4537 786 4599 nist
816 4557 894 4624 nova
921 4557 964 4624 με
987 4533 1125 4627 perpetud
1153 4554 1182 4594 tn
1214 4539 1287 4603 illud
1338 4563 1387 4603 aur
1409 4541 1543 4605 celeritas
1567 4547 1721 4608 secundum
1746 4549 1934 4610 direttionem
1954 4543 2020 4614 r'an'-

607 4629 712 4703 agern,
734 4614 812 4692 cujus
831 4612 950 4700 drrettro
973 4611 1014 4700 est
1036 4629 1129 4670 versus
1152 4629 1287 4686 curvam,
1337 4617 1430 4696 gentis
1458 4618 1505 4680 vel
1535 4623 1727 4694 evanescentis
1757 4626 1870 4692 leteris,
1900 4623 2021 4696 iles&

607 4690 832 4770 :plumentum
854 4687 1006 4766 retlrlrnrp
1026 4684 1232 4765 retraheret&
1254 4693 1286 4758 in
1337 4693 1432 4773 ψῃ
1450 4699 1491 4764 vi,
1509 4696 1561 4768 ju,
1581 4703 1637 4779 qual
1661 4697 1814 4784 ,119pr
1832 4709 1968 4782 men-t,
1990 4703 2022 4764 in
