4520 5736
762 379 1257 474 PRAEFATIO'·
1632 385 1748 486 κῃ

258 546 301 622 in·
327 525 587 638 secundarios
612 530 661 612 fic
692 541 732 614 δι
761 559 895 616 omnes
922 540 1093 644 primarii
1117 541 1156 617 in
1186 532 1326 629 solem,
1360 537 1400 616 8(
1430 530 1490 616 sol
1514 539 1672 622 vicillim
1703 551 1748 626 in

260 661 474 768 primarios.
1352 756 1357 768 Ι

323 771 443 884 Igitur
463 767 520 850 sol
534 777 578 851 ln-
592 772 759 881 planetas
777 771 966 854 universos
984 777 1146 881 gravitat
1161 775 1201 854 sc
1217 770 1376 852 univerfi
1394 775 1432 851 in
1452 771 1580 855 solent.
1643 783 1758 864 Nam·

260 887 468 974 secundarii
484 884 578 970 dum
607 899 805 998 primarios
836 889 916 972 suos
946 899 1202 987 comitantur,
1232 891 1477 998 revolvuntur
1502 898 1645 980 interea
1676 905 1749 979 cin

263 1013 354 1093 clun
371 1009 486 1114 solem
506 1019 579 1090 un‘a
596 1037 685 1089 cum
705 1017 899 1118 primariis.
961 1004 1114 1089 Eodem
1132 1016 1259 1117 itaque
1278 1034 1525 1116 argumento,
1557 1015 1758 1128 utriusque·

261 1136 409 1242 generis
425 1127 580 1238 planetae
598 1135 786 1236 gravit-ant
804 1135 842 1209 in
860 1128 1006 1224 solem,
1029 1139 1068 1210 δι
1084 1128 1135 1209 sol
1155 1137 1194 1208 in
1212 1127 1319 1235 ipsos,
1382 1125 1632 1214 secundanos
1653 1133 1754 1215 vero

244 1251 430 1358 ¹planetas
451 1252 491 1326 in
515 1247 631 1328 solem
646 1253 836 1357 gravitate
861 1240 1012 1328 abunde
1030 1241 1177 1354 insuper
1200 1253 1347 1356 conllat
1369 1274 1416 1326 ex
1432 1249 1757 1358 inaequalitatibus·

263 1365 477 1464 lunaribus3
508 1393 669 1474 quarum
712 1365 1003 1446 acutatiffimam
1039 1363 1226 1444 theoriam
1241 1423 1258 1460 ,.
1289 1358 1514 1447 admiranda
1548 1369 1758 1475 sagacitate·

262 1483 513 1596 patesablam,
548 1490 585 1562 in
608 1488 726 1565 tertio
747 1484 856 1585 hujus
881 1491 1003 1592 operis
1025 1478 1131 1564 libro
1147 1481 1356 1589 expositam
1380 1484 1576 1568 habemus

322 1607 418 1687 Solis
447 1611 628 1682 vittutem
662 1603 900 1682 aroannam
935 1596 1245 1710 quoquoverlum
1273 1610 1470 1710 propagari
1500 1598 1558 1684 ad·
1576 1613 1760 1717 ingentes·

264 1718 379 1830 usque
397 1715 605 1813 distantias,
634 1730 672 1802 lit
693 1718 766 1800 sese'
779 1712 994 1801 diffundere
1007 1710 1054 1794 ad
1070 1717 1227 1824 lingulas
1242 1723 1473 1823 circumjeeli
1492 1719 1596 1829 spatii
1613 1746 1750 1833 partes‚·

264 1840 489 1950 apertilhme
516 1839 646 1946 colligi
670 1841 793 1946 potest
817 1865 864 1918 ex
887 1860 996 1918 motu
1025 1859 1285 1921 cometarums
1317 1843 1383 1944 qui
1404 1837 1451 1916 ab
1476 1843 1667 1923 immensrs
1685 1849 1749 1929 in.

264 1959 430 2040 teruallis
447 1952 606 2067 profetli
628 1954 799 2035 feruntur
818 1963 865 2036 in*
879 1962 1059 2035 uiciniam
1079 1951 1183 2046 solis,
1206 1965 1254 2034 δι
1281 1980 1557 2066 nonnunquam
1577 1956 1677 2040 adeo
1702 1955 1760 2042 ad.

264 2074 386 2188 ipsum
408 2071 581 2184 proximi}
606 2067 797 2154 accedunt
819 2097 862 2154 nt
882 2072 1045 2182 globum·
1063 2074 1161 2173 ejus,
1194 2076 1232 2150 in
1250 2071 1440 2181 periheliis
1454 2072 1530 2156 suis·
1544 2077 1749 2175 versantes,

264 2194 414 2276 tantbm
438 2223 517 2274 non
539 2197 762 2300 contingere
789 2185 999 2271 videantur.
1064 2190 1217 2268 Horum
1237 2188 1434 2272 theoriam
1452 2191 1501 2273 ab
1527 2197 1756 2288 astronomis

265 2312 426 2394 antehac
443 2310 573 2390 frustti
592 2310 805 2418 quaefiram,
836 2312 964 2390 nostro
989 2302 1146 2389 tandem
1163 2305 1297 2388 saeculo
1318 2304 1478 2390 faciliter
1497 2318 1693 2396 inventam
1711 2326 1757 2398 δε

263 2457 331 2540 per
348 2428 630 2510 observationes
646 2425 846 2508 certilhme
865 2421 1188 2520 demonstratam,
1220 2426 1524 2532 praestantiffimo·
1542 2433 1668 2512 nostro
1687 2460 1755 2514 au-

204 2635 207 2642 ,
265 2551 360 2630 &oti
385 2544 579 2627 debemus.
641 2549 751 2628 Patet
781 2551 896 2654 igitur
926 2571 1097 2627 cometas
1129 2549 1168 2622 in
1203 2541 1428 2625 sectionibus
1454 2554 1598 2629 conicit
1624 2549 1751 2633 umbi·

262 2669 357 2748 licos
381 2674 419 2749 in
439 2688 572 2746 centro
588 2663 670 2745 solis
689 2662 913 2744 habentibus
931 2669 1100 2755 moveri,
1132 2657 1302 2744 &radiis
1325 2655 1373 2743 ad
1387 2660 1637 2748 solem-dunis
1650 2697 1765 2751 areas

263 2783 498 2894 temporibus
529 2783 829 2890 proportionales
863 2777 1086 2862 describere.
1151 2777 1209 2859 Ex
1241 2778 1340 2858 hisce
1368 2784 1461 2861 verb
1492 2785 1763 2893 phoenomenis

262 2901 502 2986 manifestum
529 2902 587 2979 est·
605 2911 645 2981 δι
671 2897 942 2980 mathematici,
962 2895 1258 3004 comprobatur,
1279 2904 1377 2976 vires
1399 2902 1499 2998 illas,
1530 2901 1666 3010 quibus
1689 2929 1755 2996 co.-
1793 2903 1795 2912 '

263 3045 378 3105 metae
402 3026 610 3100 retinentur
632 3023 672 3096 in
691 3013 932 3111 orbitissuis‚
958 3015 1140 3124 respicere
1166 3013 1283 3094 solent
1316 3025 1357 3093 δε
1386 3009 1457 3096 else
1485 3020 1682 3129 reciproci:
1711 3013 1764 3103 ut:-

264 3133 448 3250 quadrata
471 3133 729 3216 distantiarum
755 3132 802 3212 ab
823 3133 930 3239 iphus
950 3156 1094 3238 centro
1157 3133 1506 3241 Gravitantitaque
1533 3162 1695 3222 cometae
1714 3147 1765 3221 in.

262 3257 402 3338 solem:
436 3277 550 3360 atque
568 3246 665 3330 aden
685 3249 768 3331 solis
790 3258 845 3330 vis
869 3255 1065 3332 attratliva
1093 3274 1170 3328 non
1200 3255 1347 3329 tannim
1371 3244 1423 3328 ad
1446 3279 1608 3362 corpora
1630 3259 1765 3364 plane..
1792 3283 1799 3292 ·

263 3397 389 3455 tarum
420 3379 459 3452 in
478 3367 575 3451 datis
598 3365 836 3450 distantiis&
861 3377 900 3450 in
926 3365 1065 3448 eodem
1085 3365 1163 3446 serie
1181 3369 1294 3474 plano
1313 3366 1524 3462 collocata,
1556 3367 1755 3457 sedetiam

263 3486 312 3574 ad
338 3511 507 3572 cometas
527 3495 565 3569 in
580 3482 837 3577 'diverlilhmis
862 3481 1054 3569 coelorum
1077 3481 1296 3594 regionibus
1319 3492 1357 3564 δι
1377 3489 1417 3565 in
1435 3481 1686 3572 diverfiffimis
1702 3486 1767 3572 di'..

263 3613 403 3692 stantiis
430 3609 569 3718 polrtos
595 3613 787 3714 pertingit.
847 3608 943 3687 Haec
967 3613 1083 3714 igitur
1109 3607 1160 3684 est
1185 3627 1317 3683 natura
1334 3628 1542 3713 corporum
1559 3617 1762 3718 gravitan..

262 3735 380 3822 tium,
406 3750 449 3809 ut
469 3737 566 3808 vires
587 3723 665 3804 suas
686 3719 1025 3805 edantadomncs
1048 3719 1238 3802 distantias
1263 3730 1306 3801 in·
1324 3729 1457 3803 omnia
1480 3750 1642 3833 corpora
1665 3755 1756 3836 gra·

261 3850 432 3928 vitantia.
494 3839 587 3925 Inde
605 3843 697 3923 verb
716 3841 900 3954 sequitur,
928 3845 1093 3949 planetas
1111 3852 1152 3921 δι
1170 3861 1342 3920 cometas
1359 3841 1550 3921 universos
1566 3841 1765 3927 semutuo·

261 3965 432 4056 trahere,
466 3969 560 4042 &in
578 3961 612 4042 se
636 3965 771 4042 mutnh
788 3987 923 4068 graves
947 3953 1035 4038 elle:
1067 3952 1309 4066 quodetiam
1336 3959 1583 4040 confirmatur
1601 3987 1649 4043 ex
1668 3989 1751 4071 per·

260 4082 479 4166 turbatione
503 4082 599 4183 jovis
618 4089 659 4161 bt
684 4078 840 4173 saturni,
873 4079 1098 4158 astronomis
1127 4104 1206 4155 non
1226 4083 1442 4184 incognita,
1469 4087 1509 4158 &
1531 4075 1579 4156 ab
1598 4083 1767 4162 antoni„

261 4200 331 4282 bus
349 4202 488 4280 horum
512 4201 747 4306 planetarum
768 4206 805 4277 in
827 4196 862 4278 se
886 4201 1056 4278 invicem
1083 4187 1270 4280 oriunda3
1297 4200 1390 4300 quin
1411 4203 1451 4274 &
1473 4222 1522 4276 ex
1550 4221 1661 4280 motu
1683 4201 1751 4281 illo

260 4319 464 4400 lentlffimo
488 4310 681 4424 aplidum,
713 4314 907 4427 quisupra
926 4335 1160 4395 memoratus
1179 4313 1253 4407 ests,
1285 4317 1429 4421 quique
1459 4314 1615 4396 {acausi
1632 4317 1763 4398 confiss-
1863 4425 1865 4430 Ι
1928 4391 1934 4401 ,

258 4441 342 4518 mili
368 4434 631 4547 proficiscitur.

319 4557 376 4636 Eo
395 4549 554 4636 dembm
566 4557 810 4664 pervenimus
831 4571 877 4632 ut
888 4542 1096 4630 dicendum
1112 4547 1167 4643 sn,
1193 4558 1233 4630 δε
1250 4568 1388 4630 terram
1408 4546 1582 4632 &solem
1603 4561 1759 4632 ὄξεος..
1815 4645 1816 4650 Ν

260 4697 358 4786 pora
368 4682 501 4758 omnia
513 4675 693 4774 coelestia,
718 4698 803 4784 quat
813 4665 930 4757 solem
946 4675 1198 4784 comitantur,
1229 4667 1414 4756 sernutub
1432 4667 1635 4762 attrahere.
1668 4671 1765 4750 Sin..

1019 4780 1050 4874 *l
1073 4779 1157 4852 Μ
1219 4812 1248 4892 3;
1568 4787 1762 4900 gulorunrr
