4502 5662
764 379 1268 484 PRAEFATIO
1652 389 1760 472 xvri'

249 545 391 626 aientia
409 533 627 644 multiplex.
690 533 791 639 Qua
811 529 950 618 dicitur
974 536 1107 617 levitas
1130 537 1313 628 relativa,
1345 558 1425 613 non
1452 533 1503 613 est
1531 555 1621 614 vera
1643 534 1740 613 levi·

249 684 343 758 tas,
384 649 448 737 sed
477 679 658 762 apparens
686 641 959 742 'solummod03
1001 663 1042 734 δι
1074 662 1194 736 oritur
1229 652 1526 762 {praepollente
1552 658 1756 762 grauitate

247 799 462 886 corporum
491 777 777 882 contiguorum.
880 797 882 802 ·
1164 804 1167 812 .
1369 829 1372 836 ,

315 893 462 986 Porro,
495 910 537 968 ut
559 915 722 998 corpora
749 886 919 970 universa
941 895 1134 995 gravitent
1159 894 1198 970 in
1227 908 1391 984 terram,
1421 893 1475 968 ita
1503 905 1602 968 terra
1630 881 1738 968 vicis·

250 1016 322 1096 sam
351 1021 391 1095 in
420 1035 583 1116 corpora
619 1008 815 1116 aequaliter
842 1015 1031 1115 gravitat3
1072 1015 1268 1114 gravitatis
1305 1013 1410 1086 enirn
1445 1007 1639 1088 aaronem
1663 995 1737 1086 effe

255 1155 430 1216 mutuam
458 1138 498 1208 δι
529 1132 706 1233 utrinque
729 1125 942 1232 aequalem,
973 1124 1023 1204 fic
1051 1119 1273 1206 ostenditur.
1333 1126 1594 1232 Distinguatut
1625 1145 1735 1205 tertae

246 1259 371 1335 totius
397 1247 578 1328 melesio
604 1239 711 1322 binas
737 1239 980 1351 quascunque
1000 1264 1150 1349 partes,
1183 1245 1246 1323 vel
1269 1243 1430 1351 aequales
1453 1243 1514 1320 vel
1537 1265 1735 1351 utcunque

250 1369 477 1476 inaequales:
517 1364 594 1466 jam
615 1359 641 1440 sr
666 1353 838 1469 pondera
866 1365 1031 1469 partium
1061 1386 1140 1440 non
1173 1353 1290 1442 effent
1316 1367 1356 1439 in
1391 1354 1585 1441 semutub
1611 1385 1736 1467 aequa·

250 1488 322 1572 lia3
354 1478 514 1566 cederet
536 1472 683 1587 pondus
715 1484 840 1557 minus
861 1480 1029 1581 majori,
1073 1489 1113 1559 δι
1142 1499 1265 1586 partes
1294 1475 1506 1580 conjunbl'ae
1535 1493 1735 1588 pergerent

253 1604 355 1684 recti
382 1603 531 1682 moveri
557 1590 606 1678 ad
634 1597 853 1692 infinitum,
886 1593 1011 1676 versus
1040 1597 1193 1705 plagam
1216 1605 1254 1679 in
1287 1623 1404 1704 quam
1433 1588 1559 1676 tendit
1584 1587 1735 1704 pondus
1839 1669 1840 1672 a

247 1724 391 1826 majus:
422 1716 583 1797 omninb
614 1739 749 1795 contra
774 1719 1061 1822 experientiam.
1122 1717 1256 1824 ltaque
1289 1707 1497 1794 dicendum
1521 1719 1606 1810 erit,
1640 1738 1737 1821 pon-

246 1833 342 1919 dera
372 1831 535 1948 partium
556 1840 597 1914 in
619 1829 831 1941 aequilibrio
857 1825 930 1912 elle
954 1834 1167 1914 constituta:
1199 1833 1276 1914 hoc
1300 1835 1366 1928 est,
1395 1837 1589 1942 gravitatis
1618 1831 1735 1914 adrio-

244 1984 338 2038 nem
371 1948 443 2034 effe
467 1974 641 2035 mutuam
671 1957 915 2059 &utrinque
943 1953 1140 2057 aequalem.

306 2065 485 2156 Pondera
521 2091 759 2175 corporum,
793 2070 988 2174 equaliter
1016 2069 1037 2148 a
1066 2089 1201 2148 centro
1232 2089 1341 2150 terrae
1372 2063 1623 2162 distantium,
1652 2065 1737 2148 sunt

244 2212 291 2270 ut
316 2193 545 2296 quantitates
577 2191 745 2264 materiae
767 2191 807 2262 in
832 2181 1069 2290 corporibus.
1131 2186 1223 2266 Hoc
1246 2192 1379 2294 utique
1406 2188 1597 2294 colligitur
1617 2212 1664 2266 ex
1687 2212 1735 2265 ae-

248 2307 353 2416 quali
383 2305 660 2385 acceleratione
685 2325 893 2408 corporum
918 2307 1108 2395 omnium,
1139 2300 1161 2380 ὲ
1188 2307 1318 2409 quiete
1342 2330 1409 2412 per
1433 2296 1650 2411 ponderum
1675 2307 1732 2382 vi·

245 2451 308 2505 res
333 2414 585 2503 cadentium:
611 2441 701 2497 nam
730 2423 828 2496 vires
864 2411 1006 2524 quibrss
1036 2421 1237 2523 inaequalia
1262 2445 1425 2526 corpora
1459 2422 1650 2529 aequaliter
1673 2445 1736 2500 ac·

246 2545 475 2633 celerantur,
506 2532 650 2617 debent
664 2527 736 2615 elle
757 2537 1061 2643 proportionales
1084 2533 1358 2643 quantitatibus
1382 2545 1551 2618 materiae
1574 2563 1734 2619 moven-
1774 2577 1777 2583 ¹

246 2654 321 2742 dae.
380 2659 468 2766 Jam
492 2649 586 2736 verb
613 2679 776 2760 corpora
800 2650 968 2732 universa
989 2648 1165 2735 cadentia
1192 2655 1387 2761 aequaliter
1416 2657 1650 2752 accelerari,
1685 2683 1734 2735 ex
1767 2647 1770 2658 '

249 2804 301 2857 eo
327 2795 463 2884 paret,
507 2763 615 2882 quod
642 2777 682 2851 in
711 2795 834 2851 vacuo
860 2765 1036 2882 Boyliano
1070 2771 1307 2882 temporibus
1339 2772 1546 2882 aequalibus
1575 2773 1734 2882 aequalia

249 2891 366 3002 spatia
388 2884 563 2972 cadendo
589 2883 830 2984 describunt,
861 2886 1003 2974 sublata
1034 2886 1175 2970 scilicet
1200 2896 1295 2972 a'e'ris
1324 2890 1546 2974 refistentia:
1580 2917 1733 2973 accura-

248 3011 324 3092 tius
350 3035 479 3093 autem
511 3005 785 3117 comprobatur
819 3033 887 3116 per
915 3014 1176 3118 experimenta
1205 3001 1474 3117 pendulorum.

309 3133 418 3211 Vires
437 3129 644 3220 attraciivae
666 3149 890 3235 corporum,
922 3133 961 3240 in
987 3121 1413 3234 aequalibusdistantiis,
1445 3125 1530 3209 sunt
1552 3146 1594 3208 ut
1615 3152 1733 3236 quan.

247 3251 377 3330 ritates
398 3249 566 3326 materiae
592 3250 631 3323 in
659 3243 893 3352 corporibus.
943 3247 1048 3327 Nam
1073 3269 1347 3353 cumcorpora
1370 3250 1572 3326 interram
1591 3254 1631 3327 δι
1658 3266 1733 3327 ter-

249 3394 292 3446 ra
312 3365 472 3446 vicillrm
496 3367 535 3442 in
563 3387 725 3468 corpora
744 3367 953 3444 momentis
973 3358 1180 3471 :equalibus
1205 3369 1419 3470 gravitentr
1451 3385 1560 3447 terrae
1581 3357 1732 3473 pondus

251 3491 293 3566 in
319 3474 624 3592 unumquodque
652 3505 816 3587 corpus,
856 3473 917 3560 seu
947 3487 1004 3561 vis
1030 3507 1105 3586 qua
1134 3505 1271 3589 corpus
1295 3504 1435 3562 terram
1460 3481 1647 3575 attrahit,
1678 3511 1731 3562 ae-

252 3599 429 3711 quabirur
451 3591 613 3710 ponderi
639 3605 810 3705 corporis
835 3592 1003 3702 ejusdem
1023 3603 1065 3677 in
1092 3617 1245 3680 terram.
1305 3599 1397 3679 Hoc
1412 3615 1555 3681 'autern
1578 3591 1731 3708 pondus

251 3726 326 3800 erit
350 3739 392 3798 ut
413 3723 601 3827 quantitas
630 3722 800 3796 materiae
821 3721 864 3796 iu
892 3742 1076 3825 corpore:
1108 3720 1237 3824 itaque
1257 3723 1315 3796 vis
1337 3725 1411 3825 qua
1431 3744 1568 3828 corpus
1589 3743 1730 3798 unum·

249 3830 437 3947 quodque
460 3857 600 3916 terram
625 3832 807 3930 attrahit,
838 3832 915 3914 sive
939 3837 1111 3943 corporis
1135 3840 1191 3912 vis
1213 3831 1404 3933 absoluta,
1434 3843 1508 3917 erit
1532 3855 1574 3916 ut
1592 3830 1731 3918 eadem

252 3961 442 4065 quantitas
473 3955 651 4061 materia.

310 4079 448 4159 Oritur
479 4097 572 4179 ergo
599 4078 639 4150 δι
667 4073 914 4178 componitur
950 4075 1004 4150 vis
1029 4069 1225 4152 attrarstiva
1258 4095 1464 4180 corporum
1492 4075 1732 4182 integrorum

234 4219 300 4272 ex
331 4189 474 4273 viribus
501 4187 705 4269 utramvis
736 4194 923 4296 partium:
968 4182 1154 4298 siquidem
1181 4192 1289 4270 auda
1316 4191 1378 4270 vel
1407 4183 1596 4271 diminuta
1628 4192 1734 4273 mole

252 4316 438 4404 materiae,
471 4298 659 4412 ostensum
683 4309 757 4400 est,
788 4311 1125 4414 proportionaliter
1146 4313 1275 4416 augeri
1301 4310 1360 4386 vel
1380 4299 1541 4386 diminui
1562 4311 1640 4412 ejus
1661 4314 1735 4391 vit.

251 4449 386 4510 tutem
449 4429 565 4507 Atrio
588 4430 718 4529 itaque
742 4425 884 4505 telluris
913 4452 961 4504 ex
983 4426 1195 4526 conjuraris
1222 4431 1386 4530 partium
1404 4425 1616 4508 arsionibus
1641 4453 1734 4508 con.

253 4543 333 4628 llari
362 4538 549 4626 censenda
578 4543 668 4624 etita
710 4564 825 4650 atque
854 4535 951 4622 adeb
973 4567 1134 4650 corpora
1162 4547 1293 4622 omnia
1321 4543 1509 4625 terrestria
1535 4541 1571 4624 se
1595 4537 1735 4626 mutuo

253 4663 404 4752 trahere
429 4681 584 4774 oportet
605 4660 747 4746 viribus
763 4655 969 4763 absolutis,
1001 4659 1185 4845 qssaeafisslt
1214 4664 1255 4743 in
1289 4667 1438 4746 ratione
1467 4667 1737 4864 materiahtra-

1671 4803 1735 4863 en·
