4502 5662
537 388 683 452 xwu
1057 293 1525 450 EDllORl&
1627 363 1636 378 ’

539 511 678 594 hentis.
737 505 835 588 Haec
856 502 908 583 est
929 523 1061 586 natura
1083 511 1279 610 gravitatis
1304 499 1405 618 apud
1424 527 1587 588 terram:
1616 495 1813 585 videamus
1839 505 1916 608 jam
1939 528 2032 612 qua-

539 630 585 712 lis
615 631 659 710 srt
681 637 720 709 in
749 625 870 706 coelis.

601 749 752 855 Corpus
785 767 902 822 omne
926 738 1161 847 perseverare
1182 747 1221 823 in
1244 746 1338 824 statu
1362 741 1426 824 suo
1452 746 1513 824 vel
1535 734 1753 852 quiescendi
1778 741 1838 820 vel
1866 766 2028 820 moven.

541 861 582 948 di
607 863 847 946 uniformiter
876 865 914 937 in
937 851 1152 953 discetur,
1181 863 1247 940 nisr
1278 885 1463 968 quatenus
1489 865 1510 942 ὲ
1536 855 1680 940 viribus
1702 857 1882 964 impreffis
1914 863 2026 964 cogi·

540 1009 603 1068 tur
627 989 762 1066 statum
792 979 898 1058 illum
920 999 1087 1064 mutares
1119 1001 1262 1061 uaturae
1284 981 1345 1059 lex
1375 985 1427 1062 est
1449 980 1496 1061 ab
1517 974 1696 1059 omnibus
1719 999 1872 1084 recepta
1899 977 2025 1083 philo-

539 1101 677 1210 sophis.
743 1090 836 1178 Inde
869 1095 958 1174 verb
985 1091 1162 1203 sequitur,
1194 1123 1357 1205 corpora
1383 1128 1469 1206 quae
1488 1107 1527 1180 in
1555 1100 1679 1177 curvis
1706 1121 1934 1185 moventur,
1969 1116 2026 1174 at.

541 1211 737 1330 quesadeb
765 1209 815 1293 de
842 1215 949 1292 lineis
974 1215 1083 1312 restis
1105 1213 1247 1295 orbitas
1265 1211 1347 1294 suas
1370 1216 1610 1327 tangentibus
1635 1217 1770 1322 jugiter
1798 1214 1952 1304 abeunt,
1985 1219 2024 1293 vi

539 1340 667 1444 aliqua
693 1327 878 1445 perpetue
903 1351 1039 1438 agente
1066 1340 1219 1414 retineri
1247 1340 1287 1412 in
1315 1341 1449 1416 itinere
1478 1337 1700 1417 curvilineo.
1764 1331 1928 1412 Planetis
1954 1337 2025 1440 igi-

538 1475 601 1537 tur
622 1460 664 1535 in
688 1448 844 1532 orbibus
865 1456 989 1528 curvis
1009 1449 1294 1530 revolventibus
1321 1446 1525 1535 necessarie
1554 1448 1678 1535 aderit
1704 1456 1760 1528 vis
1785 1453 1924 1556 aliqua,
1955 1473 2025 1558 per

538 1578 645 1678 cujus
672 1573 840 1652 adiones
867 1575 1042 1673 repetitas
1071 1563 1324 1650 indesinenter
1353 1573 1373 1650 {a
1406 1569 1648 1681 tangentibus
1674 1563 1933 1650 deflectantur.

596 1677 686 1800 Janl
717 1681 810 1768 illud
842 1679 1006 1766 concedi
1037 1716 1187 1797 aequum
1229 1691 1308 1784 est,
1351 1685 1458 1798 quod
1497 1689 1781 1772 mathematicis
1812 1683 2027 1770 rationibus

538 1809 733 1916 colligitur
760 1817 800 1884 δι
821 1801 1020 1916 certiffime
1045 1796 1349 1894 demonstratum
1378 1835 1541 1917 corpora
1570 1831 1712 1912 nempe
1742 1809 1903 1897 omnia,
1936 1831 2026 1911 quae

537 1945 747 2008 moventur
773 1930 815 2002 in
840 1923 939 2001 linei
967 1923 1092 2030 aliqui
1121 1923 1240 2005 curve
1265 1931 1305 2005 in
1332 1928 1447 2034 plano
1480 1921 1695 2033 descripte,
1727 1947 1889 2028 quaeque
1914 1917 2022 2000 radio

537 2039 656 2125 duero
685 2036 734 2122 ad
771 2041 954 2148 punslum
982 2043 1042 2120 vel
1073 2041 1265 2147 quiescens
1294 2045 1355 2123 vel
1384 2067 1596 2153 utcumque
1623 2063 1777 2123 motum
1805 2035 2028 2120 describunt

451 2191 453 2194 ·
537 2190 642 2245 areas
672 2166 773 2240 circa
799 2160 981 2266 punstum
1010 2153 1106 2240 illud
1136 2159 1372 2271 temporibus
1397 2164 1730 2271 proportionales,
1762 2165 1886 2266 urgeri
1915 2159 1938 2234 ὲ
1966 2162 2024 2236 vi·
2114 2255 2116 2260 Ι

536 2280 643 2362 ribus
667 2305 751 2388 quae
782 2269 831 2356 ad
855 2269 959 2358 idem
993 2281 1175 2386 pundum
1207 2273 1380 2362 tendent.
1442 2281 1545 2364 Cum
1571 2288 1684 2390 igitur
1713 2285 1752 2359 in
1780 2268 1946 2358 confello
1976 2273 2024 2354 sat

536 2391 640 2508 apud
671 2399 941 2492 astronomos,
983 2398 1150 2503 planetas
1180 2404 1381 2508 primarios
1411 2401 1558 2482 circem
1592 2397 1735 2492 solem,
1779 2387 2028 2475 secundarios

536 2517 630 2600 verb
658 2523 805 2595 circum
836 2513 919 2594 suos
945 2519 1173 2623 primarios,
1218 2543 1322 2598 areas
1351 2511 1561 2598 describere
1593 2514 1830 2627 temporibus
1857 2537 2020 2622 propor-

535 2634 722 2718 tionalcsr
756 2627 990 2740 consequens
1020 2634 1072 2712 est
1102 2641 1229 2716 urvis
1259 2637 1348 2734 illa,
1381 2635 1456 2745 que
1481 2633 1668 2744 perpetue
1697 2629 1973 2740 detorquentur
2001 2629 2024 2712 Ξι

535 2749 779 2862 tangentibus
814 2753 1017 2832 restilineis
1045 2761 1085 2832 δι
1118 2759 1159 2833 in
1197 2752 1331 2834 orbitis
1374 2756 1589 2835 curvilinois
1626 2754 1774 2834 revolvi
1806 2769 2021 2858 coguntur,

536 2869 662 2952 versus
689 2895 852 2978 corpora
877 2864 1060 2980 dirigatur
1091 2899 1175 2979 quae
1203 2873 1269 2954 fita
1298 2871 1380 2955 sunt
1408 2880 1446 2952 in
1473 2873 1681 2954 orbitatum
1712 2878 1850 2950 centris
1925 2869 2021 2948 Haec

536 2995 668 3098 itaque
695 2995 752 3066 vis
779 3013 856 3066 non
887 2985 1016 3097 inepte
1048 2997 1178 3070 vocari
1202 2993 1350 3096 potest,
1385 2989 1547 3098 respetlu
1575 2984 1733 3097 quidem
1764 2992 1934 3093 corporis
1961 3012 2019 3064 re-

536 3109 759 3198 volventis,
792 3111 1031 3216 centripetas
1060 3103 1225 3214 respeetu
1255 3130 1385 3196 autem
1417 3115 1586 3218 corporis
1621 3101 1821 3206 centralis,
1856 3105 2024 3186 attracti.

535 3249 609 3310 vas
641 3224 662 3305 ὲ
686 3249 916 3330 quacunque
951 3220 1112 3304 demum
1140 3228 1252 3307 cause
1280 3234 1370 3308 oriri
1404 3228 1578 3337 fingatur.

596 3345 707 3449 Quin
732 3352 773 3422 δι
796 3341 878 3420 haec
909 3370 1066 3451 quoque
1092 3340 1344 3424 concedenda
1371 3345 1466 3440 sunt,
1498 3359 1538 3428 &
1564 3339 1835 3426 mathematice
1859 3337 2027 3422 demon·-

516 3465 723 3542 --llranturr
755 3465 792 3542 Si
830 3484 992 3565 corpora
1026 3463 1131 3568 plura
1168 3485 1278 3543 motu
1312 3463 1488 3570 aequabili
1527 3466 1769 3544 revolvantur
1801 3467 1838 3540 in
1870 3463 2021 3553 circulis

534 3582 814 3669 concentricis‚
859 3572 1157 3684 &quadratura
1194 3604 1412 3693 temporum
1444 3576 1731 3691 periodicorurn
1768 3579 1837 3658 lint
1863 3601 1905 3660 ut
1930 3575 2020 3657 cubi

536 3689 800 3777 distantiarum
824 3693 844 3774 e
868 3718 1003 3774 centro
1025 3706 1252 3802 communis
1284 3706 1381 3779 vires
1411 3708 1638 3810 centripetas
1663 3700 1945 3778 revolventium
1966 3691 2022 3772 so.

534 3840 577 3892 re
602 3815 801 3923 reciproce
826 3831 868 3892 ut
892 3807 1075 3920 quadrata
1102 3806 1375 3899 distantiarum.
1438 3821 1538 3915 Vel,
1572 3821 1596 3898 sr
1626 3843 1788 3925 corpora
1818 3815 2022 3897 revolvan-

533 3951 597 4012 tur
620 3935 662 4010 in
683 3928 823 4046 orbitis
843 3957 928 4037 quae
953 3935 1035 4011 sunt
1057 3937 1204 4014 circulis
1229 3937 1414 4030 finitimae,
1447 3947 1486 4019 &
1508 3941 1702 4045 quiescant
1723 3933 1934 4018 orbitarum
1959 3963 2022 4043 ap·

533 4042 629 4127 srdes
638 4078 655 4138 3·
681 4053 786 4126 vires.
801 4053 1030 4156 centripetas
1062 4053 1343 4135 revolventium
1363 4051 1444 4134 fore
1473 4055 1668 4162 reciproce
1690 4077 1732 4135 ut
1756 4049 1938 4161 quadrata
1964 4047 2022 4130 di·

532 4165 763 4248 stantiarum.
825 4163 1015 4248 Obtinere
1048 4167 1172 4249 casum
1200 4174 1423 4252 alterutrum
1452 4179 1490 4253 in
1522 4174 1681 4280 planctis
1710 4173 1888 4252 universrs
1925 4199 2023 4254 con·

531 4283 699 4378 sentiunt
733 4283 950 4386 astronomi.
1026 4287 1158 4394 Iraque
1192 4298 1287 4369 vires
1329 4299 1547 4400 centripetae
1574 4295 1809 4398 planetarum
1844 4299 2022 4370 omnium

531 4399 618 4483 sunt
645 4401 840 4510 reciproce
866 4423 908 4484 ut
934 4396 1116 4510 quadrata
1141 4401 1398 4490 distantiarum
1427 4407 1482 4491 ab.
1502 4407 1654 4504 orbium
1675 4416 1828 4491 centris.
1873 4410 1911 4489 Si
1936 4413 2022 4517 quis

495 4518 691 4641 'objiciat
718 4523 976 4629 planetarum,
1008 4533 1048 4604 δι
1071 4523 1167 4606 lunae
1195 4525 1418 4636 praesertim,
1450 4523 1591 4640 apsrdes
1615 4556 1695 4610 non
1723 4525 1872 4637 penitbs
1900 4521 2020 4634 quies.

523 4662 653 4734 ceres
679 4635 745 4725 sed
778 4661 891 4722 motu
930 4635 1103 4752 quodam
1136 4645 1243 4730 lento
1275 4643 1369 4732 serti
1401 4657 1444 4738 in
1476 4647 1764 4762 consequentia:
1803 4639 2024 4760 responderi.

1851 4757 1853 4764 ’
1899 4762 2026 4884 potest·
