<?xml version="1.0" encoding="UTF-8"?>
<!DOCTYPE html PUBLIC "-//W3C//DTD XHTML 1.0 Transitional//EN"
    "http://www.w3.org/TR/xhtml1/DTD/xhtml1-transitional.dtd">
<html xmlns="http://www.w3.org/1999/xhtml" xml:lang="en" lang="en">
 <head>
  <title>
</title>
<meta http-equiv="Content-Type" content="text/html;charset=utf-8" />
  <meta name='ocr-system' content='tesseract 3.04.00' />
  <meta name='ocr-capabilities' content='ocr_page ocr_carea ocr_par ocr_line ocrx_word'/>
</head>
<body>
  <div class='ocr_page' id='page_1' title='image "./philosophiaenat01maclgoog_0030.png"; bbox 0 0 4502 5662; ppageno 0'>
   <div class='ocr_carea' id='block_1_1' title="bbox 764 405 1733 496">
    <p class='ocr_par' dir='ltr' id='par_1_1' title="bbox 764 405 1733 496">
     <span class='ocr_line' id='line_1_1' title="bbox 764 405 1733 496; baseline -0.009 -5"><span class='ocrx_word' id='word_1_1' title='bbox 764 405 1254 496; x_wconf 79' lang='lat' dir='ltr'>PRAEFATIO</span> <span class='ocrx_word' id='word_1_2' title='bbox 1561 413 1733 490; x_wconf 63' lang='lat' dir='ltr'>xum</span> 
     </span>
    </p>
   </div>
   <div class='ocr_carea' id='block_1_2' title="bbox 167 537 1857 4860">
    <p class='ocr_par' dir='ltr' id='par_1_2' title="bbox 222 537 1725 754">
     <span class='ocr_line' id='line_1_2' title="bbox 222 537 1725 656; baseline -0.003 -24"><span class='ocrx_word' id='word_1_3' title='bbox 222 565 420 634; x_wconf 76' lang='lat' dir='ltr'>metarum</span> <span class='ocrx_word' id='word_1_4' title='bbox 442 547 612 634; x_wconf 86' lang='lat' dir='ltr'>motibus</span> <span class='ocrx_word' id='word_1_5' title='bbox 633 537 1016 640; x_wconf 82' lang='lat' dir='ltr'>omnindlocusnon</span> <span class='ocrx_word' id='word_1_6' title='bbox 1034 563 1128 644; x_wconf 67' lang='lat' dir='ltr'>etit}</span> <span class='ocrx_word' id='word_1_7' title='bbox 1151 555 1226 638; x_wconf 80' lang='lat' dir='ltr'>rufi</span> <span class='ocrx_word' id='word_1_8' title='bbox 1247 557 1406 638; x_wconf 79' lang='lat' dir='ltr'>materia</span> <span class='ocrx_word' id='word_1_9' title='bbox 1427 551 1490 632; x_wconf 92' lang='lat' dir='ltr'>illa</span> <span class='ocrx_word' id='word_1_10' title='bbox 1514 549 1645 630; x_wconf 70' lang='lat' dir='ltr'>fiditis</span> <span class='ocrx_word' id='word_1_11' title='bbox 1660 571 1725 656; x_wconf 81' lang='lat' dir='ltr'>pe-</span> 
     </span>
     <span class='ocr_line' id='line_1_3' title="bbox 230 665 762 754; baseline 0.006 -6"><span class='ocrx_word' id='word_1_12' title='bbox 230 672 334 748; x_wconf 82' lang='lat' dir='ltr'>uitus</span> <span class='ocrx_word' id='word_1_13' title='bbox 357 665 500 751; x_wconf 72' lang='lat' dir='ltr'>dcoelis</span> <span class='ocrx_word' id='word_1_14' title='bbox 528 693 762 754; x_wconf 83' lang='lat' dir='ltr'><strong>amoveatur.</strong></span> 
     </span>
    </p>

    <p class='ocr_par' dir='ltr' id='par_1_3' title="bbox 217 782 1724 2541">
     <span class='ocr_line' id='line_1_4' title="bbox 282 782 1722 898; baseline -0.003 -32"><span class='ocrx_word' id='word_1_15' title='bbox 282 784 330 866; x_wconf 73' lang='lat' dir='ltr'>‘Si</span> <span class='ocrx_word' id='word_1_16' title='bbox 353 793 460 869; x_wconf 86' lang='lat' dir='ltr'>enim</span> <span class='ocrx_word' id='word_1_17' title='bbox 481 791 643 898; x_wconf 77' lang='lat' dir='ltr'>planeta</span> <span class='ocrx_word' id='word_1_18' title='bbox 664 791 809 872; x_wconf 81' lang='lat' dir='ltr'>circitm</span> <span class='ocrx_word' id='word_1_19' title='bbox 827 785 946 871; x_wconf 82' lang='lat' dir='ltr'>solem</span> <span class='ocrx_word' id='word_1_20' title='bbox 965 789 988 871; x_wconf 75' lang='lat' dir='ltr'>i</span> <span class='ocrx_word' id='word_1_21' title='bbox 1009 789 1221 874; x_wconf 72' lang='lat' dir='ltr'>vorticilius</span> <span class='ocrx_word' id='word_1_22' title='bbox 1244 782 1503 888; x_wconf 82' lang='lat' dir='ltr'>devehuntut3</span> <span class='ocrx_word' id='word_1_23' title='bbox 1529 790 1722 866; x_wconf 88' lang='lat' dir='ltr'>vorticum</span> 
     </span>
     <span class='ocr_line' id='line_1_5' title="bbox 229 895 1724 1016; baseline -0.001 -35"><span class='ocrx_word' id='word_1_24' title='bbox 229 919 370 1008; x_wconf 77' lang='lat' dir='ltr'>partes,</span> <span class='ocrx_word' id='word_1_25' title='bbox 401 932 485 1014; x_wconf 98' lang='grc' dir='ltr'>φιτ</span> <span class='ocrx_word' id='word_1_26' title='bbox 497 906 670 1014; x_wconf 63' lang='lat' dir='ltr'>proxim&amp;</span> <span class='ocrx_word' id='word_1_27' title='bbox 686 907 863 988; x_wconf 83' lang='lat' dir='ltr'>ambiunt</span> <span class='ocrx_word' id='word_1_28' title='bbox 881 923 1196 1016; x_wconf 83' lang='lat' dir='ltr'>unumquemque</span> <span class='ocrx_word' id='word_1_29' title='bbox 1213 909 1418 1016; x_wconf 79' lang='lat' dir='ltr'>planetam,</span> <span class='ocrx_word' id='word_1_30' title='bbox 1449 897 1614 1005; x_wconf 83' lang='lat' dir='ltr'>ejusdem</span> <span class='ocrx_word' id='word_1_31' title='bbox 1625 895 1724 980; x_wconf 79' lang='lat' dir='ltr'>den·</span> 
     </span>
     <span class='ocr_line' id='line_1_6' title="bbox 229 1013 1724 1133; baseline 0.004 -39"><span class='ocrx_word' id='word_1_32' title='bbox 229 1013 345 1100; x_wconf 79' lang='lat' dir='ltr'>sitatis</span> <span class='ocrx_word' id='word_1_33' title='bbox 362 1041 472 1103; x_wconf 88' lang='lat' dir='ltr'>erunt</span> <span class='ocrx_word' id='word_1_34' title='bbox 494 1049 540 1102; x_wconf 91' lang='lat' dir='ltr'>ac</span> <span class='ocrx_word' id='word_1_35' title='bbox 567 1025 740 1132; x_wconf 83' lang='lat' dir='ltr'>planeta;</span> <span class='ocrx_word' id='word_1_36' title='bbox 772 1020 1106 1133; x_wconf 73' lang='lat' dir='ltr'>uti-suprsdinum</span> <span class='ocrx_word' id='word_1_37' title='bbox 1122 1029 1184 1106; x_wconf 89' lang='lat' dir='ltr'>ell.</span> <span class='ocrx_word' id='word_1_38' title='bbox 1243 1027 1380 1130; x_wconf 85' lang='lat' dir='ltr'>ltaque</span> <span class='ocrx_word' id='word_1_39' title='bbox 1393 1027 1550 1102; x_wconf 85' lang='lat' dir='ltr'>materia</span> <span class='ocrx_word' id='word_1_40' title='bbox 1562 1024 1627 1101; x_wconf 76' lang='lat' dir='ltr'>ills</span> <span class='ocrx_word' id='word_1_41' title='bbox 1640 1045 1724 1100; x_wconf 89' lang='lat' dir='ltr'>om·</span> 
     </span>
     <span class='ocr_line' id='line_1_7' title="bbox 228 1135 1724 1251; baseline 0.001 -37"><span class='ocrx_word' id='word_1_42' title='bbox 228 1139 288 1214; x_wconf 89' lang='lat' dir='ltr'>nis</span> <span class='ocrx_word' id='word_1_43' title='bbox 305 1162 390 1244; x_wconf 83' lang='grc' dir='ltr'>φιτ</span> <span class='ocrx_word' id='word_1_44' title='bbox 407 1144 596 1250; x_wconf 80' lang='lat' dir='ltr'>contigua</span> <span class='ocrx_word' id='word_1_45' title='bbox 617 1143 670 1221; x_wconf 85' lang='lat' dir='ltr'>est</span> <span class='ocrx_word' id='word_1_46' title='bbox 685 1135 790 1224; x_wconf 85' lang='lat' dir='ltr'>orbis</span> <span class='ocrx_word' id='word_1_47' title='bbox 805 1149 942 1251; x_wconf 77' lang='lat' dir='ltr'>magni</span> <span class='ocrx_word' id='word_1_48' title='bbox 966 1150 1195 1250; x_wconf 85' lang='lat' dir='ltr'>perimetro,</span> <span class='ocrx_word' id='word_1_49' title='bbox 1219 1167 1348 1249; x_wconf 86' lang='lat' dir='ltr'>parem</span> <span class='ocrx_word' id='word_1_50' title='bbox 1376 1135 1535 1220; x_wconf 71' lang='lat' dir='ltr'>habebit</span> <span class='ocrx_word' id='word_1_51' title='bbox 1552 1138 1724 1217; x_wconf 81' lang='lat' dir='ltr'>actelliis</span> 
     </span>
     <span class='ocr_line' id='line_1_8' title="bbox 228 1243 1722 1369; baseline 0.002 -40"><span class='ocrx_word' id='word_1_52' title='bbox 228 1243 470 1338; x_wconf 85' lang='lat' dir='ltr'>densitatem:</span> <span class='ocrx_word' id='word_1_53' title='bbox 500 1283 585 1366; x_wconf 86' lang='grc' dir='ltr'>φιτ</span> <span class='ocrx_word' id='word_1_54' title='bbox 597 1253 689 1338; x_wconf 76' lang='lat' dir='ltr'>vero</span> <span class='ocrx_word' id='word_1_55' title='bbox 707 1259 917 1364; x_wconf 74' lang='lat' dir='ltr'>jacet-irrui</span> <span class='ocrx_word' id='word_1_56' title='bbox 934 1257 1071 1340; x_wconf 82' lang='lat' dir='ltr'>orbem</span> <span class='ocrx_word' id='word_1_57' title='bbox 1089 1285 1272 1369; x_wconf 87' lang='lat' dir='ltr'>magnum</span> <span class='ocrx_word' id='word_1_58' title='bbox 1291 1254 1555 1365; x_wconf 86' lang='lat' dir='ltr'>atqueorbem</span> <span class='ocrx_word' id='word_1_59' title='bbox 1568 1253 1722 1345; x_wconf 75' lang='lat' dir='ltr'>sstuini,</span> 
     </span>
     <span class='ocr_line' id='line_1_9' title="bbox 229 1368 1724 1479; baseline 0.001 -31"><span class='ocrx_word' id='word_1_60' title='bbox 229 1368 447 1478; x_wconf 82' lang='lat' dir='ltr'>vel-parem</span> <span class='ocrx_word' id='word_1_61' title='bbox 480 1375 542 1454; x_wconf 90' lang='lat' dir='ltr'>vel</span> <span class='ocrx_word' id='word_1_62' title='bbox 570 1377 756 1476; x_wconf 87' lang='lat' dir='ltr'>majorem</span> <span class='ocrx_word' id='word_1_63' title='bbox 783 1371 951 1458; x_wconf 72' lang='lat' dir='ltr'>habebit.</span> <span class='ocrx_word' id='word_1_64' title='bbox 1007 1380 1117 1460; x_wconf 84' lang='lat' dir='ltr'>Nam</span> <span class='ocrx_word' id='word_1_65' title='bbox 1144 1397 1188 1456; x_wconf 88' lang='lat' dir='ltr'>ut</span> <span class='ocrx_word' id='word_1_66' title='bbox 1217 1376 1437 1455; x_wconf 85' lang='lat' dir='ltr'>constitutio</span> <span class='ocrx_word' id='word_1_67' title='bbox 1461 1379 1615 1456; x_wconf 77' lang='lat' dir='ltr'>vorticis</span> <span class='ocrx_word' id='word_1_68' title='bbox 1637 1397 1724 1479; x_wconf 91' lang='lat' dir='ltr'>per·</span> 
     </span>
     <span class='ocr_line' id='line_1_10' title="bbox 228 1484 1724 1603; baseline 0.001 -38"><span class='ocrx_word' id='word_1_69' title='bbox 228 1509 387 1569; x_wconf 83' lang='lat' dir='ltr'>manere</span> <span class='ocrx_word' id='word_1_70' title='bbox 411 1491 542 1602; x_wconf 83' lang='lat' dir='ltr'>possit,</span> <span class='ocrx_word' id='word_1_71' title='bbox 573 1484 718 1573; x_wconf 81' lang='lat' dir='ltr'>debent</span> <span class='ocrx_word' id='word_1_72' title='bbox 739 1517 861 1603; x_wconf 87' lang='lat' dir='ltr'>partes</span> <span class='ocrx_word' id='word_1_73' title='bbox 879 1491 1003 1573; x_wconf 78' lang='lat' dir='ltr'>minlrs</span> <span class='ocrx_word' id='word_1_74' title='bbox 1027 1489 1343 1575; x_wconf 67' lang='lat' dir='ltr'>densa-centrum</span> <span class='ocrx_word' id='word_1_75' title='bbox 1366 1517 1576 1598; x_wconf 83' lang='lat' dir='ltr'>occupare,</span> <span class='ocrx_word' id='word_1_76' title='bbox 1604 1493 1724 1597; x_wconf 86' lang='lat' dir='ltr'>magis</span> 
     </span>
     <span class='ocr_line' id='line_1_11' title="bbox 229 1596 1724 1721; baseline 0.001 -40"><span class='ocrx_word' id='word_1_77' title='bbox 229 1596 352 1686; x_wconf 83' lang='lat' dir='ltr'>densae</span> <span class='ocrx_word' id='word_1_78' title='bbox 371 1609 523 1720; x_wconf 76' lang='lat' dir='ltr'>longilrs</span> <span class='ocrx_word' id='word_1_79' title='bbox 547 1610 568 1688; x_wconf 69' lang='lat' dir='ltr'>‘a</span> <span class='ocrx_word' id='word_1_80' title='bbox 595 1633 729 1690; x_wconf 88' lang='lat' dir='ltr'>centro</span> <span class='ocrx_word' id='word_1_81' title='bbox 761 1611 875 1691; x_wconf 88' lang='lat' dir='ltr'>abire.</span> <span class='ocrx_word' id='word_1_82' title='bbox 926 1612 1037 1692; x_wconf 73' lang='lat' dir='ltr'>Cum</span> <span class='ocrx_word' id='word_1_83' title='bbox 1064 1623 1166 1692; x_wconf 88' lang='lat' dir='ltr'>enim</span> <span class='ocrx_word' id='word_1_84' title='bbox 1196 1613 1430 1721; x_wconf 84' lang='lat' dir='ltr'>planetarum</span> <span class='ocrx_word' id='word_1_85' title='bbox 1455 1629 1636 1714; x_wconf 85' lang='lat' dir='ltr'>¹tempora</span> <span class='ocrx_word' id='word_1_86' title='bbox 1657 1632 1724 1714; x_wconf 89' lang='lat' dir='ltr'>pe·</span> 
     </span>
     <span class='ocr_line' id='line_1_12' title="bbox 229 1715 1723 1837; baseline 0.003 -39"><span class='ocrx_word' id='word_1_87' title='bbox 229 1715 376 1803; x_wconf 85' lang='lat' dir='ltr'>riodica</span> <span class='ocrx_word' id='word_1_88' title='bbox 388 1725 459 1807; x_wconf 90' lang='lat' dir='ltr'>sint</span> <span class='ocrx_word' id='word_1_89' title='bbox 475 1732 514 1806; x_wconf 90' lang='lat' dir='ltr'>in</span> <span class='ocrx_word' id='word_1_90' title='bbox 528 1731 676 1806; x_wconf 85' lang='lat' dir='ltr'>ratione</span> <span class='ocrx_word' id='word_1_91' title='bbox 688 1725 946 1837; x_wconf 85' lang='lat' dir='ltr'>sesquiplicata</span> <span class='ocrx_word' id='word_1_92' title='bbox 964 1722 1222 1833; x_wconf 83' lang='lat' dir='ltr'>distantiarum</span> <span class='ocrx_word' id='word_1_93' title='bbox 1236 1729 1257 1807; x_wconf 79' lang='grc' dir='ltr'>Ξι</span> <span class='ocrx_word' id='word_1_94' title='bbox 1271 1726 1359 1821; x_wconf 93' lang='lat' dir='ltr'>sole,</span> <span class='ocrx_word' id='word_1_95' title='bbox 1386 1745 1539 1832; x_wconf 84' lang='lat' dir='ltr'>oportet</span> <span class='ocrx_word' id='word_1_96' title='bbox 1560 1729 1723 1831; x_wconf 81' lang='lat' dir='ltr'>partium</span> 
     </span>
     <span class='ocr_line' id='line_1_13' title="bbox 230 1837 1724 1953; baseline 0.001 -35"><span class='ocrx_word' id='word_1_97' title='bbox 230 1845 386 1922; x_wconf 82' lang='lat' dir='ltr'>vorticis</span> <span class='ocrx_word' id='word_1_98' title='bbox 406 1838 587 1953; x_wconf 83' lang='lat' dir='ltr'>perio&#39;dos</span> <span class='ocrx_word' id='word_1_99' title='bbox 604 1837 765 1927; x_wconf 81' lang='lat' dir='ltr'>eandem</span> <span class='ocrx_word' id='word_1_100' title='bbox 779 1852 975 1925; x_wconf 80' lang='lat' dir='ltr'>rationem</span> <span class='ocrx_word' id='word_1_101' title='bbox 996 1841 1157 1928; x_wconf 81' lang='lat' dir='ltr'>servare.</span> <span class='ocrx_word' id='word_1_102' title='bbox 1204 1838 1304 1924; x_wconf 88' lang='lat' dir='ltr'>lude</span> <span class='ocrx_word' id='word_1_103' title='bbox 1326 1841 1419 1922; x_wconf 75' lang='lat' dir='ltr'>veto</span> <span class='ocrx_word' id='word_1_104' title='bbox 1448 1840 1631 1948; x_wconf 83' lang='lat' dir='ltr'>sequitur,</span> <span class='ocrx_word' id='word_1_105' title='bbox 1666 1845 1724 1920; x_wconf 87' lang='lat' dir='ltr'>vi·</span> 
     </span>
     <span class='ocr_line' id='line_1_14' title="bbox 229 1955 1722 2072; baseline 0.003 -38"><span class='ocrx_word' id='word_1_106' title='bbox 229 1979 288 2036; x_wconf 88' lang='lat' dir='ltr'>res</span> <span class='ocrx_word' id='word_1_107' title='bbox 299 1959 534 2072; x_wconf 85' lang='lat' dir='ltr'>centrifugas</span> <span class='ocrx_word' id='word_1_108' title='bbox 551 1959 686 2042; x_wconf 88' lang='lat' dir='ltr'>hatum</span> <span class='ocrx_word' id='word_1_109' title='bbox 702 1969 864 2070; x_wconf 87' lang='lat' dir='ltr'>partium</span> <span class='ocrx_word' id='word_1_110' title='bbox 881 1959 964 2042; x_wconf 86' lang='lat' dir='ltr'>fore</span> <span class='ocrx_word' id='word_1_111' title='bbox 981 1960 1177 2072; x_wconf 71' lang='lat' dir='ltr'>reciproce</span> <span class='ocrx_word' id='word_1_112' title='bbox 1195 1984 1239 2042; x_wconf 87' lang='lat' dir='ltr'>ut</span> <span class='ocrx_word' id='word_1_113' title='bbox 1255 1955 1437 2070; x_wconf 83' lang='lat' dir='ltr'>quadrata</span> <span class='ocrx_word' id='word_1_114' title='bbox 1450 1955 1722 2041; x_wconf 84' lang='lat' dir='ltr'>distantiarum</span> 
     </span>
     <span class='ocr_line' id='line_1_15' title="bbox 230 2068 1724 2186; baseline 0.001 -33"><span class='ocrx_word' id='word_1_115' title='bbox 230 2075 331 2179; x_wconf 84' lang='lat' dir='ltr'>Quae</span> <span class='ocrx_word' id='word_1_116' title='bbox 347 2083 469 2186; x_wconf 77' lang='lat' dir='ltr'>&#39;igitur</span> <span class='ocrx_word' id='word_1_117' title='bbox 491 2079 637 2180; x_wconf 82' lang='lat' dir='ltr'>majore</span> <span class='ocrx_word' id='word_1_118' title='bbox 652 2081 861 2160; x_wconf 85' lang='lat' dir='ltr'>intervallo</span> <span class='ocrx_word' id='word_1_119' title='bbox 881 2073 1016 2160; x_wconf 85' lang='lat' dir='ltr'>distant</span> <span class='ocrx_word' id='word_1_120' title='bbox 1035 2079 1056 2159; x_wconf 67' lang='lat' dir='ltr'>”a</span> <span class='ocrx_word' id='word_1_121' title='bbox 1073 2102 1230 2173; x_wconf 86' lang='lat' dir='ltr'>centr0,</span> <span class='ocrx_word' id='word_1_122' title='bbox 1254 2085 1431 2158; x_wconf 86' lang='lat' dir='ltr'>nituntur</span> <span class='ocrx_word' id='word_1_123' title='bbox 1445 2075 1493 2156; x_wconf 92' lang='lat' dir='ltr'>ab</span> <span class='ocrx_word' id='word_1_124' title='bbox 1511 2068 1649 2155; x_wconf 89' lang='lat' dir='ltr'>eodem</span> <span class='ocrx_word' id='word_1_125' title='bbox 1667 2103 1724 2154; x_wconf 75' lang='lat' dir='ltr'>re·</span> 
     </span>
     <span class='ocr_line' id='line_1_16' title="bbox 231 2185 1724 2288; baseline 0.001 -18"><span class='ocrx_word' id='word_1_126' title='bbox 231 2185 370 2272; x_wconf 87' lang='lat' dir='ltr'>cedere</span> <span class='ocrx_word' id='word_1_127' title='bbox 392 2202 542 2275; x_wconf 88' lang='lat' dir='ltr'>minore</span> <span class='ocrx_word' id='word_1_128' title='bbox 563 2200 620 2274; x_wconf 87' lang='lat' dir='ltr'>vi:</span> <span class='ocrx_word' id='word_1_129' title='bbox 652 2189 755 2276; x_wconf 86' lang='lat' dir='ltr'>unde</span> <span class='ocrx_word' id='word_1_130' title='bbox 782 2195 811 2275; x_wconf 85' lang='lat' dir='ltr'>si</span> <span class='ocrx_word' id='word_1_131' title='bbox 839 2195 965 2278; x_wconf 72' lang='grc' dir='ltr'><strong>ιιιίιιίις</strong></span> <span class='ocrx_word' id='word_1_132' title='bbox 986 2190 1117 2278; x_wconf 82' lang='lat' dir='ltr'>densae</span> <span class='ocrx_word' id='word_1_133' title='bbox 1145 2194 1306 2288; x_wconf 87' lang='lat' dir='ltr'>suerint,</span> <span class='ocrx_word' id='word_1_134' title='bbox 1340 2188 1490 2273; x_wconf 75' lang='lat' dir='ltr'>necesse</span> <span class='ocrx_word' id='word_1_135' title='bbox 1516 2195 1568 2273; x_wconf 80' lang='lat' dir='ltr'>est</span> <span class='ocrx_word' id='word_1_136' title='bbox 1593 2212 1635 2272; x_wconf 93' lang='lat' dir='ltr'>ut</span> <span class='ocrx_word' id='word_1_137' title='bbox 1663 2218 1724 2270; x_wconf 88' lang='lat' dir='ltr'>ce·</span> 
     </span>
     <span class='ocr_line' id='line_1_17' title="bbox 230 2299 1722 2422; baseline 0.006 -37"><span class='ocrx_word' id='word_1_138' title='bbox 230 2299 327 2390; x_wconf 86' lang='lat' dir='ltr'>dent</span> <span class='ocrx_word' id='word_1_139' title='bbox 353 2317 398 2391; x_wconf 88' lang='lat' dir='ltr'>vi</span> <span class='ocrx_word' id='word_1_140' title='bbox 421 2315 585 2416; x_wconf 81' lang='lat' dir='ltr'>majori,</span> <span class='ocrx_word' id='word_1_141' title='bbox 628 2313 703 2420; x_wconf 77' lang='lat' dir='ltr'>quil</span> <span class='ocrx_word' id='word_1_142' title='bbox 728 2333 859 2420; x_wconf 83' lang='lat' dir='ltr'>partes</span> <span class='ocrx_word' id='word_1_143' title='bbox 892 2333 1026 2393; x_wconf 86' lang='lat' dir='ltr'>centro</span> <span class='ocrx_word' id='word_1_144' title='bbox 1059 2317 1254 2422; x_wconf 79' lang='lat' dir='ltr'>propiores</span> <span class='ocrx_word' id='word_1_145' title='bbox 1288 2304 1489 2390; x_wconf 84' lang='lat' dir='ltr'>ascendere</span> <span class='ocrx_word' id='word_1_146' title='bbox 1516 2333 1722 2393; x_wconf 69' lang='lat' dir='ltr'>conantur,</span> 
     </span>
     <span class='ocr_line' id='line_1_18' title="bbox 217 2420 1724 2541; baseline 0.003 -35"><span class='ocrx_word' id='word_1_147' title='bbox 217 2420 450 2541; x_wconf 40' lang='lat' dir='ltr'>,incendent</span> <span class='ocrx_word' id='word_1_148' title='bbox 473 2452 567 2537; x_wconf 88' lang='lat' dir='ltr'>ergo</span> <span class='ocrx_word' id='word_1_149' title='bbox 578 2421 796 2524; x_wconf 87' lang='lat' dir='ltr'>densiores,</span> <span class='ocrx_word' id='word_1_150' title='bbox 821 2421 1059 2512; x_wconf 88' lang='lat' dir='ltr'>descendent</span> <span class='ocrx_word' id='word_1_151' title='bbox 1077 2435 1202 2509; x_wconf 89' lang='lat' dir='ltr'>minus</span> <span class='ocrx_word' id='word_1_152' title='bbox 1219 2423 1367 2522; x_wconf 80' lang='lat' dir='ltr'>densae,</span> <span class='ocrx_word' id='word_1_153' title='bbox 1399 2437 1440 2511; x_wconf 75' lang='grc' dir='ltr'>δι</span> <span class='ocrx_word' id='word_1_154' title='bbox 1459 2429 1640 2509; x_wconf 86' lang='lat' dir='ltr'>&#39;&#39;locorum</span> <span class='ocrx_word' id='word_1_155' title='bbox 1655 2429 1724 2510; x_wconf 82' lang='lat' dir='ltr'>fiet</span> 
     </span>
    </p>

    <p class='ocr_par' dir='ltr' id='par_1_4' title="bbox 191 2537 1727 3830">
     <span class='ocr_line' id='line_1_19' title="bbox 191 2537 1722 2656; baseline 0.001 -34"><span class='ocrx_word' id='word_1_156' title='bbox 191 2645 195 2649; x_wconf 25' lang='grc'><strong>,</strong></span> <span class='ocrx_word' id='word_1_157' title='bbox 229 2545 397 2624; x_wconf 89' lang='lat' dir='ltr'>invicem</span> <span class='ocrx_word' id='word_1_158' title='bbox 422 2551 674 2655; x_wconf 76' lang='lat' dir='ltr'>permutatio,</span> <span class='ocrx_word' id='word_1_159' title='bbox 706 2541 832 2626; x_wconf 84' lang='lat' dir='ltr'>donec</span> <span class='ocrx_word' id='word_1_160' title='bbox 857 2552 908 2627; x_wconf 88' lang='lat' dir='ltr'>ita</span> <span class='ocrx_word' id='word_1_161' title='bbox 930 2545 1046 2628; x_wconf 82' lang='lat' dir='ltr'>suerit</span> <span class='ocrx_word' id='word_1_162' title='bbox 1069 2541 1378 2656; x_wconf 70' lang='lat' dir='ltr'>dispositamque</span> <span class='ocrx_word' id='word_1_163' title='bbox 1401 2537 1580 2625; x_wconf 87' lang='lat' dir='ltr'>ordinata</span> <span class='ocrx_word' id='word_1_164' title='bbox 1603 2569 1722 2627; x_wconf 83' lang='lat' dir='ltr'>mate-</span> 
     </span>
     <span class='ocr_line' id='line_1_20' title="bbox 230 2656 1721 2772; baseline 0.001 -32"><span class='ocrx_word' id='word_1_165' title='bbox 230 2663 285 2740; x_wconf 85' lang='lat' dir='ltr'>ria</span> <span class='ocrx_word' id='word_1_166' title='bbox 320 2656 436 2743; x_wconf 89' lang='lat' dir='ltr'>fluida</span> <span class='ocrx_word' id='word_1_167' title='bbox 456 2668 580 2744; x_wconf 86' lang='lat' dir='ltr'>totius</span> <span class='ocrx_word' id='word_1_168' title='bbox 604 2669 782 2758; x_wconf 79' lang='lat' dir='ltr'>vorticis,</span> <span class='ocrx_word' id='word_1_169' title='bbox 815 2683 866 2744; x_wconf 84' lang='lat' dir='ltr'>ut</span> <span class='ocrx_word' id='word_1_170' title='bbox 892 2660 1164 2772; x_wconf 48' lang='lat' dir='ltr'>‘conquiescere</span> <span class='ocrx_word' id='word_1_171' title='bbox 1192 2664 1273 2767; x_wconf 64' lang='lat' dir='ltr'>‘jam</span> <span class='ocrx_word' id='word_1_172' title='bbox 1305 2661 1415 2770; x_wconf 78' lang='lat' dir='ltr'>possit</span> <span class='ocrx_word' id='word_1_173' title='bbox 1438 2667 1483 2742; x_wconf 70' lang='lat' dir='ltr'>‘in</span> <span class='ocrx_word' id='word_1_174' title='bbox 1510 2661 1721 2770; x_wconf 78' lang='lat' dir='ltr'>aequilibrio</span> 
     </span>
     <span class='ocr_line' id='line_1_21' title="bbox 230 2773 1722 2888; baseline 0.001 -31"><span class='ocrx_word' id='word_1_175' title='bbox 230 2775 443 2863; x_wconf 76' lang='lat' dir='ltr'>constituta.</span> <span class='ocrx_word' id='word_1_176' title='bbox 505 2783 542 2862; x_wconf 88' lang='lat' dir='ltr'>Si</span> <span class='ocrx_word' id='word_1_177' title='bbox 570 2778 660 2861; x_wconf 85' lang='lat' dir='ltr'>bina</span> <span class='ocrx_word' id='word_1_178' title='bbox 686 2774 822 2874; x_wconf 83' lang='lat' dir='ltr'>liuida,</span> <span class='ocrx_word' id='word_1_179' title='bbox 853 2805 1018 2888; x_wconf 84' lang='lat' dir='ltr'>quornm</span> <span class='ocrx_word' id='word_1_180' title='bbox 1045 2774 1190 2862; x_wconf 85' lang='lat' dir='ltr'>diversa</span> <span class='ocrx_word' id='word_1_181' title='bbox 1220 2782 1272 2862; x_wconf 83' lang='lat' dir='ltr'>eli</span> <span class='ocrx_word' id='word_1_182' title='bbox 1297 2773 1481 2874; x_wconf 71' lang='lat' dir='ltr'>deificas,</span> <span class='ocrx_word' id='word_1_183' title='bbox 1512 2785 1551 2858; x_wconf 90' lang='lat' dir='ltr'>in</span> <span class='ocrx_word' id='word_1_184' title='bbox 1580 2773 1722 2863; x_wconf 75' lang='lat' dir='ltr'>‚codem</span> 
     </span>
     <span class='ocr_line' id='line_1_22' title="bbox 230 2891 1722 3006; baseline 0.003 -32"><span class='ocrx_word' id='word_1_185' title='bbox 230 2891 317 2975; x_wconf 87' lang='lat' dir='ltr'>vase</span> <span class='ocrx_word' id='word_1_186' title='bbox 346 2904 616 2986; x_wconf 76' lang='lat' dir='ltr'>continenturs</span> <span class='ocrx_word' id='word_1_187' title='bbox 641 2905 782 3006; x_wconf 86' lang='lat' dir='ltr'>utique</span> <span class='ocrx_word' id='word_1_188' title='bbox 811 2895 980 2978; x_wconf 87' lang='lat' dir='ltr'>futurum</span> <span class='ocrx_word' id='word_1_189' title='bbox 1003 2899 1055 2978; x_wconf 84' lang='lat' dir='ltr'>est</span> <span class='ocrx_word' id='word_1_190' title='bbox 1088 2917 1130 2978; x_wconf 84' lang='lat' dir='ltr'>ut</span> <span class='ocrx_word' id='word_1_191' title='bbox 1160 2891 1350 2994; x_wconf 87' lang='lat' dir='ltr'>fluidum,</span> <span class='ocrx_word' id='word_1_192' title='bbox 1380 2900 1493 3002; x_wconf 80' lang='lat' dir='ltr'>cujus</span> <span class='ocrx_word' id='word_1_193' title='bbox 1520 2897 1643 2996; x_wconf 87' lang='lat' dir='ltr'>major</span> <span class='ocrx_word' id='word_1_194' title='bbox 1669 2897 1722 2978; x_wconf 88' lang='lat' dir='ltr'>est</span> 
     </span>
     <span class='ocr_line' id='line_1_23' title="bbox 231 3003 1727 3124; baseline 0.001 -33"><span class='ocrx_word' id='word_1_195' title='bbox 231 3003 411 3111; x_wconf 78' lang='lat' dir='ltr'>densitas,</span> <span class='ocrx_word' id='word_1_196' title='bbox 443 3020 642 3122; x_wconf 85' lang='lat' dir='ltr'>majorevi</span> <span class='ocrx_word' id='word_1_197' title='bbox 671 3021 865 3124; x_wconf 83' lang='lat' dir='ltr'>gravitatis</span> <span class='ocrx_word' id='word_1_198' title='bbox 889 3015 1064 3100; x_wconf 85' lang='lat' dir='ltr'>infimum</span> <span class='ocrx_word' id='word_1_199' title='bbox 1093 3035 1197 3122; x_wconf 84' lang='lat' dir='ltr'>petat</span> <span class='ocrx_word' id='word_1_200' title='bbox 1221 3014 1374 3096; x_wconf 66' lang='lat' dir='ltr'>locunt</span> <span class='ocrx_word' id='word_1_201' title='bbox 1406 3025 1446 3096; x_wconf 77' lang='lat' dir='ltr'>tle</span> <span class='ocrx_word' id='word_1_202' title='bbox 1469 3021 1618 3096; x_wconf 88' lang='lat' dir='ltr'>ratione</span> <span class='ocrx_word' id='word_1_203' title='bbox 1640 3039 1727 3094; x_wconf 89' lang='lat' dir='ltr'>non·</span> 
     </span>
     <span class='ocr_line' id='line_1_24' title="bbox 230 3126 1721 3238; baseline 0.002 -29"><span class='ocrx_word' id='word_1_204' title='bbox 230 3126 390 3216; x_wconf 76' lang='lat' dir='ltr'>sbfimili</span> <span class='ocrx_word' id='word_1_205' title='bbox 418 3132 580 3215; x_wconf 81' lang='lat' dir='ltr'>omnino</span> <span class='ocrx_word' id='word_1_206' title='bbox 600 3126 814 3212; x_wconf 86' lang='lat' dir='ltr'>dicendum</span> <span class='ocrx_word' id='word_1_207' title='bbox 841 3134 921 3225; x_wconf 85' lang='lat' dir='ltr'>est,</span> <span class='ocrx_word' id='word_1_208' title='bbox 953 3127 1141 3212; x_wconf 74' lang='lat' dir='ltr'>densiores</span> <span class='ocrx_word' id='word_1_209' title='bbox 1167 3138 1321 3212; x_wconf 87' lang='lat' dir='ltr'>vorticis</span> <span class='ocrx_word' id='word_1_210' title='bbox 1353 3153 1477 3238; x_wconf 88' lang='lat' dir='ltr'>partes</span> <span class='ocrx_word' id='word_1_211' title='bbox 1508 3133 1650 3232; x_wconf 88' lang='lat' dir='ltr'>majore</span> <span class='ocrx_word' id='word_1_212' title='bbox 1682 3135 1721 3212; x_wconf 72' lang='lat' dir='ltr'>ve·</span> 
     </span>
     <span class='ocr_line' id='line_1_25' title="bbox 231 3247 1722 3360; baseline 0.001 -32"><span class='ocrx_word' id='word_1_213' title='bbox 231 3247 1722 3360; x_wconf 50' lang='lat' dir='ltr'>cmffiffimmmmmmMmfssfflmmm&amp;QMm·</span> 
     </span>
     <span class='ocr_line' id='line_1_26' title="bbox 230 3361 1720 3479; baseline 0.002 -36"><span class='ocrx_word' id='word_1_214' title='bbox 230 3369 334 3446; x_wconf 86' lang='lat' dir='ltr'>xima</span> <span class='ocrx_word' id='word_1_215' title='bbox 356 3396 442 3479; x_wconf 83' lang='lat' dir='ltr'>pars</span> <span class='ocrx_word' id='word_1_216' title='bbox 469 3371 650 3462; x_wconf 88' lang='lat' dir='ltr'>vorticis,</span> <span class='ocrx_word' id='word_1_217' title='bbox 682 3395 767 3478; x_wconf 83' lang='grc' dir='ltr'>φιτ</span> <span class='ocrx_word' id='word_1_218' title='bbox 791 3369 891 3468; x_wconf 84' lang='lat' dir='ltr'>jacet</span> <span class='ocrx_word' id='word_1_219' title='bbox 913 3368 1018 3447; x_wconf 68' lang='lat' dir='ltr'>extri</span> <span class='ocrx_word' id='word_1_220' title='bbox 1036 3367 1179 3448; x_wconf 86' lang='lat' dir='ltr'>telluris</span> <span class='ocrx_word' id='word_1_221' title='bbox 1204 3364 1368 3461; x_wconf 84' lang='lat' dir='ltr'>orbem,</span> <span class='ocrx_word' id='word_1_222' title='bbox 1394 3361 1620 3452; x_wconf 80' lang='lat' dir='ltr'>denfitatem</span> <span class='ocrx_word' id='word_1_223' title='bbox 1649 3366 1720 3446; x_wconf 85' lang='lat' dir='ltr'>lia·</span> 
     </span>
     <span class='ocr_line' id='line_1_27' title="bbox 231 3479 1720 3595; baseline -0.001 -32"><span class='ocrx_word' id='word_1_224' title='bbox 231 3479 339 3564; x_wconf 89' lang='lat' dir='ltr'>bebit</span> <span class='ocrx_word' id='word_1_225' title='bbox 361 3506 476 3595; x_wconf 89' lang='lat' dir='ltr'>atque</span> <span class='ocrx_word' id='word_1_226' title='bbox 504 3479 601 3567; x_wconf 77' lang='lat' dir='ltr'>adeo</span> <span class='ocrx_word' id='word_1_227' title='bbox 635 3490 714 3564; x_wconf 90' lang='lat' dir='ltr'>vim</span> <span class='ocrx_word' id='word_1_228' title='bbox 732 3489 893 3590; x_wconf 65' lang='lat' dir='ltr'>„inertie</span> <span class='ocrx_word' id='word_1_229' title='bbox 922 3510 992 3592; x_wconf 88' lang='lat' dir='ltr'>pro</span> <span class='ocrx_word' id='word_1_230' title='bbox 1018 3483 1123 3564; x_wconf 91' lang='lat' dir='ltr'>mole</span> <span class='ocrx_word' id='word_1_231' title='bbox 1150 3490 1343 3576; x_wconf 76' lang='lat' dir='ltr'>materie,</span> <span class='ocrx_word' id='word_1_232' title='bbox 1369 3511 1460 3594; x_wconf 82' lang='lat' dir='ltr'>quae</span> <span class='ocrx_word' id='word_1_233' title='bbox 1485 3512 1567 3565; x_wconf 91' lang='lat' dir='ltr'>non</span> <span class='ocrx_word' id='word_1_234' title='bbox 1594 3493 1720 3576; x_wconf 87' lang='lat' dir='ltr'>minor</span> 
     </span>
     <span class='ocr_line' id='line_1_28' title="bbox 231 3594 1723 3710; baseline 0.003 -31"><span class='ocrx_word' id='word_1_235' title='bbox 231 3607 304 3682; x_wconf 85' lang='lat' dir='ltr'>erit</span> <span class='ocrx_word' id='word_1_236' title='bbox 334 3603 449 3710; x_wconf 67' lang='lat' dir='ltr'>quim</span> <span class='ocrx_word' id='word_1_237' title='bbox 478 3597 640 3684; x_wconf 84' lang='lat' dir='ltr'>denfitas</span> <span class='ocrx_word' id='word_1_238' title='bbox 672 3613 713 3684; x_wconf 74' lang='lat' dir='ltr'>dc</span> <span class='ocrx_word' id='word_1_239' title='bbox 737 3594 792 3681; x_wconf 74' lang='lat' dir='ltr'>its</span> <span class='ocrx_word' id='word_1_240' title='bbox 821 3607 967 3683; x_wconf 83' lang='lat' dir='ltr'>inertiae</span> <span class='ocrx_word' id='word_1_241' title='bbox 1001 3603 1171 3682; x_wconf 88' lang='lat' dir='ltr'>telluris:</span> <span class='ocrx_word' id='word_1_242' title='bbox 1207 3605 1303 3681; x_wconf 86' lang='lat' dir='ltr'>inde</span> <span class='ocrx_word' id='word_1_243' title='bbox 1334 3603 1426 3680; x_wconf 80' lang='lat' dir='ltr'>vero</span> <span class='ocrx_word' id='word_1_244' title='bbox 1449 3611 1619 3684; x_wconf 87' lang='lat' dir='ltr'>cometis</span> <span class='ocrx_word' id='word_1_245' title='bbox 1648 3626 1723 3684; x_wconf 84' lang='lat' dir='ltr'>tra·</span> 
     </span>
     <span class='ocr_line' id='line_1_29' title="bbox 231 3711 1722 3830; baseline 0 -32"><span class='ocrx_word' id='word_1_246' title='bbox 231 3719 336 3822; x_wconf 72' lang='lat' dir='ltr'>jueta</span> <span class='ocrx_word' id='word_1_247' title='bbox 365 3729 505 3801; x_wconf 90' lang='lat' dir='ltr'>orietur</span> <span class='ocrx_word' id='word_1_248' title='bbox 543 3727 683 3830; x_wconf 84' lang='lat' dir='ltr'>ingens</span> <span class='ocrx_word' id='word_1_249' title='bbox 699 3720 936 3811; x_wconf 60' lang='lat' dir='ltr'>infimatis,</span> <span class='ocrx_word' id='word_1_250' title='bbox 977 3728 1017 3800; x_wconf 71' lang='grc' dir='ltr'>δι</span> <span class='ocrx_word' id='word_1_251' title='bbox 1043 3711 1154 3797; x_wconf 85' lang='lat' dir='ltr'>valde</span> <span class='ocrx_word' id='word_1_252' title='bbox 1186 3713 1398 3797; x_wconf 82' lang='lat' dir='ltr'>admodum</span> <span class='ocrx_word' id='word_1_253' title='bbox 1428 3717 1633 3820; x_wconf 79' lang='lat' dir='ltr'>senfibilis3</span> <span class='ocrx_word' id='word_1_254' title='bbox 1672 3744 1722 3799; x_wconf 88' lang='lat' dir='ltr'>ne</span> 
     </span>
    </p>

    <p class='ocr_par' dir='ltr' id='par_1_5' title="bbox 167 3825 1857 4860">
     <span class='ocr_line' id='line_1_30' title="bbox 167 3825 1722 3946; baseline 0 -33"><span class='ocrx_word' id='word_1_255' title='bbox 167 3859 169 3862; x_wconf 86' lang='lat'>·</span> <span class='ocrx_word' id='word_1_256' title='bbox 231 3825 386 3932; x_wconf 85' lang='lat' dir='ltr'>dicam,</span> <span class='ocrx_word' id='word_1_257' title='bbox 418 3865 502 3946; x_wconf 88' lang='grc' dir='ltr'>φιτ</span> <span class='ocrx_word' id='word_1_258' title='bbox 535 3860 685 3919; x_wconf 88' lang='lat' dir='ltr'>motum</span> <span class='ocrx_word' id='word_1_259' title='bbox 712 3829 924 3915; x_wconf 85' lang='lat' dir='ltr'>eorundem</span> <span class='ocrx_word' id='word_1_260' title='bbox 955 3835 1239 3943; x_wconf 83' lang='lat' dir='ltr'>penitlislistere</span> <span class='ocrx_word' id='word_1_261' title='bbox 1261 3859 1375 3942; x_wconf 78' lang='lat' dir='ltr'>atque</span> <span class='ocrx_word' id='word_1_262' title='bbox 1402 3833 1599 3916; x_wconf 86' lang='lat' dir='ltr'>absorbere</span> <span class='ocrx_word' id='word_1_263' title='bbox 1620 3829 1722 3946; x_wconf 89' lang='lat' dir='ltr'>polle</span> 
     </span>
     <span class='ocr_line' id='line_1_31' title="bbox 231 3947 1722 4062; baseline -0.001 -29"><span class='ocrx_word' id='word_1_264' title='bbox 231 3953 371 4034; x_wconf 75' lang='lat' dir='ltr'>meriti&gt;</span> <span class='ocrx_word' id='word_1_265' title='bbox 404 3947 587 4038; x_wconf 87' lang='lat' dir='ltr'>videatur.</span> <span class='ocrx_word' id='word_1_266' title='bbox 648 3953 807 4037; x_wconf 82' lang='lat' dir='ltr'>Constat</span> <span class='ocrx_word' id='word_1_267' title='bbox 836 3973 965 4034; x_wconf 85' lang='lat' dir='ltr'>autem</span> <span class='ocrx_word' id='word_1_268' title='bbox 986 3961 1037 4033; x_wconf 79' lang='lat' dir='ltr'>ex</span> <span class='ocrx_word' id='word_1_269' title='bbox 1068 3974 1176 4034; x_wconf 88' lang='lat' dir='ltr'>motu</span> <span class='ocrx_word' id='word_1_270' title='bbox 1210 3973 1453 4034; x_wconf 77' lang='lat' dir='ltr'>cometarum</span> <span class='ocrx_word' id='word_1_271' title='bbox 1487 3955 1635 4062; x_wconf 81' lang='lat' dir='ltr'>prorslis</span> <span class='ocrx_word' id='word_1_272' title='bbox 1665 3981 1722 4031; x_wconf 85' lang='lat' dir='ltr'>ie·</span> 
     </span>
     <span class='ocr_line' id='line_1_32' title="bbox 230 4069 1721 4181; baseline 0.003 -31"><span class='ocrx_word' id='word_1_273' title='bbox 230 4073 373 4178; x_wconf 87' lang='lat' dir='ltr'>gulari,</span> <span class='ocrx_word' id='word_1_274' title='bbox 396 4073 548 4152; x_wconf 81' lang='lat' dir='ltr'>nullam</span> <span class='ocrx_word' id='word_1_275' title='bbox 565 4069 662 4181; x_wconf 90' lang='lat' dir='ltr'>ipsos</span> <span class='ocrx_word' id='word_1_276' title='bbox 679 4072 920 4152; x_wconf 85' lang='lat' dir='ltr'>resistentiam</span> <span class='ocrx_word' id='word_1_277' title='bbox 940 4077 1018 4178; x_wconf 88' lang='lat' dir='ltr'>pati</span> <span class='ocrx_word' id='word_1_278' title='bbox 1032 4097 1116 4178; x_wconf 87' lang='grc' dir='ltr'>φιτ</span> <span class='ocrx_word' id='word_1_279' title='bbox 1135 4070 1195 4150; x_wconf 93' lang='lat' dir='ltr'>vel</span> <span class='ocrx_word' id='word_1_280' title='bbox 1214 4069 1419 4150; x_wconf 76' lang='lat' dir='ltr'>minimdm</span> <span class='ocrx_word' id='word_1_281' title='bbox 1439 4069 1563 4153; x_wconf 88' lang='lat' dir='ltr'>sentiri</span> <span class='ocrx_word' id='word_1_282' title='bbox 1587 4072 1721 4179; x_wconf 76' lang='lat' dir='ltr'>potesis</span> 
     </span>
     <span class='ocr_line' id='line_1_33' title="bbox 231 4184 1724 4297; baseline 0 -27"><span class='ocrx_word' id='word_1_283' title='bbox 231 4207 348 4296; x_wconf 76' lang='lat' dir='ltr'>atque</span> <span class='ocrx_word' id='word_1_284' title='bbox 370 4184 469 4270; x_wconf 80' lang='lat' dir='ltr'>adeo</span> <span class='ocrx_word' id='word_1_285' title='bbox 487 4196 718 4297; x_wconf 47' lang='lat' dir='ltr'>‘neutiquam</span> <span class='ocrx_word' id='word_1_286' title='bbox 739 4195 776 4267; x_wconf 92' lang='lat' dir='ltr'>in</span> <span class='ocrx_word' id='word_1_287' title='bbox 799 4191 1000 4268; x_wconf 73' lang='lat' dir='ltr'>materiam</span> <span class='ocrx_word' id='word_1_288' title='bbox 1022 4188 1136 4267; x_wconf 84' lang='lat' dir='ltr'>ullam</span> <span class='ocrx_word' id='word_1_289' title='bbox 1159 4185 1367 4283; x_wconf 85' lang='lat' dir='ltr'>incursare,</span> <span class='ocrx_word' id='word_1_290' title='bbox 1405 4189 1508 4293; x_wconf 83' lang='lat' dir='ltr'>cujus</span> <span class='ocrx_word' id='word_1_291' title='bbox 1534 4189 1659 4297; x_wconf 88' lang='lat' dir='ltr'>aliqua</span> <span class='ocrx_word' id='word_1_292' title='bbox 1679 4188 1724 4270; x_wconf 83' lang='lat' dir='ltr'>sit</span> 
     </span>
     <span class='ocr_line' id='line_1_34' title="bbox 230 4299 1857 4412; baseline 0.001 -29"><span class='ocrx_word' id='word_1_293' title='bbox 230 4311 288 4384; x_wconf 89' lang='lat' dir='ltr'>vis</span> <span class='ocrx_word' id='word_1_294' title='bbox 312 4302 502 4388; x_wconf 77' lang='lat' dir='ltr'>&#39;resistendi</span> <span class='ocrx_word' id='word_1_295' title='bbox 517 4357 531 4404; x_wconf 88' lang='lat'>,</span> <span class='ocrx_word' id='word_1_296' title='bbox 563 4307 625 4386; x_wconf 75' lang='lat' dir='ltr'>vel</span> <span class='ocrx_word' id='word_1_297' title='bbox 652 4299 812 4412; x_wconf 88' lang='lat' dir='ltr'>proinde</span> <span class='ocrx_word' id='word_1_298' title='bbox 845 4306 949 4408; x_wconf 83' lang='lat' dir='ltr'>cujus</span> <span class='ocrx_word' id='word_1_299' title='bbox 978 4307 1103 4412; x_wconf 86' lang='lat' dir='ltr'>aliqua</span> <span class='ocrx_word' id='word_1_300' title='bbox 1136 4305 1180 4386; x_wconf 88' lang='lat' dir='ltr'>sit</span> <span class='ocrx_word' id='word_1_301' title='bbox 1205 4300 1365 4386; x_wconf 75' lang='lat' dir='ltr'>densitas</span> <span class='ocrx_word' id='word_1_302' title='bbox 1388 4303 1450 4386; x_wconf 51' lang='lat' dir='ltr'>¹seu</span> <span class='ocrx_word' id='word_1_303' title='bbox 1486 4311 1540 4385; x_wconf 90' lang='lat' dir='ltr'>vis</span> <span class='ocrx_word' id='word_1_304' title='bbox 1567 4311 1722 4394; x_wconf 84' lang='lat' dir='ltr'>inertiae.</span> <span class='ocrx_word' id='word_1_305' title='bbox 1852 4375 1857 4385; x_wconf 91' lang='lat'><em>.</em></span> 
     </span>
     <span class='ocr_line' id='line_1_35' title="bbox 230 4415 1725 4519; baseline -0.002 -13"><span class='ocrx_word' id='word_1_306' title='bbox 230 4425 337 4506; x_wconf 86' lang='lat' dir='ltr'>Nam</span> <span class='ocrx_word' id='word_1_307' title='bbox 355 4417 786 4507; x_wconf 83' lang='lat' dir='ltr'>resistentiamediorum</span> <span class='ocrx_word' id='word_1_308' title='bbox 801 4427 923 4501; x_wconf 89' lang='lat' dir='ltr'>oritur</span> <span class='ocrx_word' id='word_1_309' title='bbox 945 4424 1006 4501; x_wconf 90' lang='lat' dir='ltr'>vel</span> <span class='ocrx_word' id='word_1_310' title='bbox 1022 4419 1069 4500; x_wconf 85' lang='lat' dir='ltr'>ab</span> <span class='ocrx_word' id='word_1_311' title='bbox 1091 4428 1230 4502; x_wconf 82' lang='lat' dir='ltr'>¹inertia</span> <span class='ocrx_word' id='word_1_312' title='bbox 1255 4428 1421 4503; x_wconf 80' lang='lat' dir='ltr'>mater-iae</span> <span class='ocrx_word' id='word_1_313' title='bbox 1447 4415 1590 4519; x_wconf 81' lang='lat' dir='ltr'>lluidae,</span> <span class='ocrx_word' id='word_1_314' title='bbox 1621 4426 1683 4505; x_wconf 92' lang='lat' dir='ltr'>vel</span> <span class='ocrx_word' id='word_1_315' title='bbox 1704 4425 1725 4503; x_wconf 63' lang='lat' dir='ltr'>*a</span> 
     </span>
     <span class='ocr_line' id='line_1_36' title="bbox 234 4531 1724 4646; baseline 0.002 -28"><span class='ocrx_word' id='word_1_316' title='bbox 234 4532 383 4622; x_wconf 69' lang='lat' dir='ltr'>defectu</span> <span class='ocrx_word' id='word_1_317' title='bbox 398 4541 635 4624; x_wconf 88' lang='lat' dir='ltr'>lubricitatis.</span> <span class='ocrx_word' id='word_1_318' title='bbox 695 4541 795 4646; x_wconf 84' lang='lat' dir='ltr'>Quae</span> <span class='ocrx_word' id='word_1_319' title='bbox 813 4543 933 4620; x_wconf 88' lang='lat' dir='ltr'>oritur</span> <span class='ocrx_word' id='word_1_320' title='bbox 944 4538 969 4619; x_wconf 66' lang='lat' dir='ltr'>d</span> <span class='ocrx_word' id='word_1_321' title='bbox 982 4531 1133 4620; x_wconf 72' lang='lat' dir='ltr'>defeslu</span> <span class='ocrx_word' id='word_1_322' title='bbox 1148 4539 1389 4636; x_wconf 87' lang='lat' dir='ltr'>lubricitatis,</span> <span class='ocrx_word' id='word_1_323' title='bbox 1418 4534 1627 4621; x_wconf 89' lang='lat' dir='ltr'>admodum</span> <span class='ocrx_word' id='word_1_324' title='bbox 1646 4547 1724 4621; x_wconf 84' lang='lat' dir='ltr'>exi·</span> 
     </span>
     <span class='ocr_line' id='line_1_37' title="bbox 222 4649 1793 4837; baseline -0.003 -96"><span class='ocrx_word' id='word_1_325' title='bbox 222 4679 306 4765; x_wconf 69' lang='lat' dir='ltr'>gua</span> <span class='ocrx_word' id='word_1_326' title='bbox 321 4661 401 4749; x_wconf 29' lang='lat' dir='ltr'>*ests</span> <span class='ocrx_word' id='word_1_327' title='bbox 422 4669 466 4745; x_wconf 76' lang='grc' dir='ltr'>’δι</span> <span class='ocrx_word' id='word_1_328' title='bbox 480 4659 576 4744; x_wconf 60' lang='lat' dir='ltr'>*send</span> <span class='ocrx_word' id='word_1_329' title='bbox 595 4667 658 4745; x_wconf 77' lang='lat' dir='ltr'>vix</span> <span class='ocrx_word' id='word_1_330' title='bbox 675 4653 865 4740; x_wconf 83' lang='lat' dir='ltr'>observari</span> <span class='ocrx_word' id='word_1_331' title='bbox 881 4657 1006 4837; x_wconf 45' lang='lat' dir='ltr'>potessl</span> <span class='ocrx_word' id='word_1_332' title='bbox 1023 4661 1064 4836; x_wconf 60' lang='lat' dir='ltr'>ip</span> <span class='ocrx_word' id='word_1_333' title='bbox 1079 4649 1216 4836; x_wconf 54' lang='lat' dir='ltr'>nantildis</span> <span class='ocrx_word' id='word_1_334' title='bbox 1241 4659 1356 4770; x_wconf 76' lang='lat' dir='ltr'>vulgo</span> <span class='ocrx_word' id='word_1_335' title='bbox 1376 4667 1498 4757; x_wconf 88' lang='lat' dir='ltr'>notis,</span> <span class='ocrx_word' id='word_1_336' title='bbox 1530 4659 1595 4740; x_wconf 86' lang='lat' dir='ltr'>nisi</span> <span class='ocrx_word' id='word_1_337' title='bbox 1616 4653 1730 4738; x_wconf 77' lang='lat' dir='ltr'>valde</span> <span class='ocrx_word' id='word_1_338' title='bbox 1791 4673 1793 4678; x_wconf 82' lang='lat'>&#39;</span> 
     </span>
     <span class='ocr_line' id='line_1_38' title="bbox 1142 4782 1730 4860; baseline 0.003 -3"><span class='ocrx_word' id='word_1_339' title='bbox 1142 4805 1246 4857; x_wconf 42' lang='lat' dir='ltr'>wa</span> <span class='ocrx_word' id='word_1_340' title='bbox 1580 4782 1730 4860; x_wconf 61' lang='lat' dir='ltr'>cmm</span> 
     </span>
    </p>
   </div>
   <div class='ocr_carea' id='block_1_3' title="bbox 0 0 2257 5662">
    <p class='ocr_par' dir='ltr' id='par_1_6' title="bbox 0 0 2257 5662">
     <span class='ocr_line' id='line_1_39' title="bbox 0 0 2257 5662; baseline 0 0"><span class='ocrx_word' id='word_1_341' title='bbox 0 0 2257 5662; x_wconf 95' lang='lat' dir='ltr'> </span> 
     </span>
    </p>
   </div>
  </div>
 </body>
</html>
