4502 5662
550 458 648 522 xvi
1055 411 1517 503 EDITORIS

550 595 590 654 ta
613 568 839 661 subtilitate,
868 556 1108 674 motibusque
1129 560 1289 639 occultis
1315 539 1474 670 agitatas
1503 560 1580 662 jam
1607 550 1656 638 ad
1674 555 1821 640 somnia
1843 553 2025 643 delibuit:

549 711 639 782 tur,
673 684 842 792 neglecta
871 706 998 762 rerum
1020 683 1293 762 constitutione
1317 680 1433 757 ueri:
1478 705 1562 785 quae
1592 675 1836 765 farnesiano
1862 673 2024 786 petenda

550 809 602 888 est
624 829 671 882 ex
699 799 892 881 fallacihus
922 802 1171 904 conjesluris,
1210 821 1299 875 crim
1332 802 1395 874 vix
1422 801 1627 904 etlam-per
1654 788 1873 876 certissimas
1902 793 2026 874 obser.

552 927 724 1003 vationes
756 921 967 1026 investigari
993 917 1117 1026 possit.
1179 914 1261 1018 Qui
1294 909 1592 1020 speculationum
1625 911 1772 994 suarum
1796 907 2025 994 fundamen·

537 1043 637 1121 'tuin
662 1033 862 1116 desumunt
879 1034 927 1114 ab
950 1030 1238 1141 liypothesibuss
1265 1030 1412 1109 etiamsi
1428 1024 1568 1112 deinde
1593 1024 1803 1111 secundum
1828 1027 1930 1140 leges
1945 1047 2055 1110 me·'·

556 1157 732 1237 chanicas
759 1151 1028 1233 accuratissime
1057 1143 1289 1261 procedants
1319 1143 1486 1226 fabulam
1523 1141 1683 1258 quidem
1704 1150 1918 1258 elegantem
1945 1145 2029 1228 sor-

556 1273 595 1356 te
618 1287 658 1358 tr
684 1273 902 1364 venustam,
931 1266 1101 1350 fabulam
1123 1292 1261 1349 tamen
1287 1271 1517 1376 concinnare
1538 1260 1692 1346 dicendi
1720 1265 1814 1349 sunt.
1904 1265 1906 1270 ’

614 1391 859 1497 Relinquitur
888 1381 987 1467 adeo
1013 1393 1168 1488 tertium
1191 1408 1331 1494 genus,
1362 1389 1427 1489 qui
1448 1381 1726 1492 philosophiam
1753 1381 1895 1471 scilicet
1915 1411 2033 1498 expui

557 1508 798 1593 rimentalcm
821 1506 1060 1613 profitentur.
1101 1505 1158 1586 Hi
1179 1494 1334 1610 quidem
1360 1525 1407 1577 ex
1432 1500 1704 1609 simplicissimis
1725 1501 1861 1608 quibus
1883 1499 2032 1614 possunt

558 1612 751 1741 prinpriis
775 1649 902 1706 rerum
923 1628 1098 1704 omnium
1120 1615 1243 1700 causas
1263 1611 1488 1702 derivandas
1512 1613 1584 1701 esse
1610 1621 1754 1701 volunt:
1784 1619 1880 1702 nihil
1902 1645 2032 1706 autem

559 1746 733 1856 principii
760 1741 849 1820 loco
877 1734 1084 1835 assumunt,
1114 1728 1220 1846 quod
1245 1728 1419 1816 nondum
1446 1763 1493 1814 eit
1515 1736 1776 1843 phaenomenis
1799 1742 2032 1847 comproba·

559 1888 645 1950 rum
670 1857 793 1940 suerit.
853 1856 1092 1966 Hypotheses
1116 1882 1195 1938 non
1221 1849 1584 1948 comminiscuntur,
1617 1883 1742 1965 neque
1772 1864 1811 1937 in
1840 1858 2033 1964 physicam

447 2063 451 2068 ,
562 1985 762 2088 recipiunt,
793 1975 861 2059 nisi
880 1999 921 2054 ur
946 1981 1167 2083 quaestiones
1184 1963 1236 2052 de
1255 1997 1415 2080 quarum
1436 1977 1593 2056 veritate
1609 1969 1828 2083 disputetur.
1876 1977 2035 2086 Duplici

520 2153 523 2158 -
563 2107 692 2206 iraque
722 2087 909 2174 methodo
941 2085 1149 2185 incedunt,
1181 2089 1368 2189 analytica
1396 2099 1439 2172 dc
1472 2083 1691 2191 synthetich.
1753 2093 1910 2174 Naturae
1937 2101 2035 2176 vites

565 2211 739 2323 legesque
765 2217 904 2290 virium
935 2209 1180 2316 fimpliciores
1204 2233 1250 2284 ex
1268 2201 1412 2286 sesessit
1439 2201 1663 2314 quibusdam
1683 2207 1942 2315 pliaenomenis
1969 2238 2036 2322 pet

565 2329 728 2431 analylin
751 2321 966 2424 deducunt,
998 2354 1045 2406 ex
1074 2321 1209 2434 quibus
1232 2316 1371 2403 deinde
1390 2327 1456 2432 per
1472 2321 1663 2431 synthesin
1686 2328 1921 2435 reliquorum
1946 2355 2038 2410 con.

567 2445 802 2536 ssimtionc'm
824 2441 989 2528 tradunt.
1035 2445 1131 2526 Haec
1153 2444 1215 2521 illa
1234 2441 1285 2522 est
1308 2434 1601 2548 philosophandi
1625 2448 1723 2524 tatio
1746 2443 1860 2550 longe
1877 2431 2037 2551 optima,

568 2592 684 2678 ,quam
717 2589 791 2671 prae
826 2568 970 2642 caeteris
1002 2561 1139 2640 metito
1161 2550 1482 2664 ,amplesiendum
1505 2557 1651 2642 censuit
1676 2558 1943 2641 celeberrimus
1974 2591 2039 2643 au.

568 2689 649 2772 sior
670 2683 804 2760 noster.
864 2677 978 2760 Hanc
997 2677 1113 2758 solam
1139 2679 1270 2782 utique
1293 2668 1449 2783 dignam
1471 2671 1667 2776 judicavit,
1698 2683 1737 2758 iii
1760 2679 1839 2787 qud·
1862 2684 2038 2760 excolen.
2063 2729 2066 2737 -

567 2797 617 2886 dh
648 2821 763 2906 atque
799 2786 1017 2876 adornanda
1048 2818 1203 2904 operam
1236 2790 1338 2872 stiam
1369 2794 1588 2876 collocaret.
1663 2797 1786 2900 Hujus
1815 2804 1929 2907 igitur
1954 2800 2038 2900 illu-

566 2916 780 3006 slrisfimum
804 2907 911 2994 dedit
940 2916 1187 3021 exemplum,
1219 2903 1400 2990 mundani
1424 2939 1565 3022 nempe
1591 2913 1795 3016 systematis
1822 2917 2068 3024 explicatio·=

568 3062 658 3122 nem
684 3032 704 3118 ὲ
728 3029 875 3116 theorih
899 3036 1090 3140 gravitatis
1114 3025 1323 3108 felicissime
1349 3021 1564 3110 deductam.
1627 3033 1832 3115 Gravitatis
1857 3040 2040 3113 virtutem

570 3151 747 3239 universis
778 3147 1004 3253 corporibus
1037 3141 1180 3239 inesse,
1220 3143 1388 3252 suspicati
1416 3145 1500 3228 sunt
1528 3149 1586 3226 vel
1621 3151 1811 3229 finxerunt
1840 3152 1929 3232 alii:
1968 3155 2043 3257 pri-

566 3297 655 3360 mus
681 3269 743 3354 ille
775 3277 815 3348 &
837 3261 935 3347 solus
963 3293 1009 3344 eii
1036 3268 1261 3373 apparentiis
1283 3257 1540 3350 demonstrate
1565 3263 1720 3372 potuit,
1751 3277 1791 3348 δι
1820 3264 2041 3374 speculatio.

568 3387 679 3472 nibus
710 3390 869 3490 egregiis
893 3383 1144 3466 firmissimum
1169 3405 1314 3487 ponere
1343 3376 1647 3466 fundamentum.

628 3509 715 3588 Scio
742 3494 920 3605 equidem
945 3500 1147 3580 nonnullos
1171 3503 1297 3604 magni
1326 3507 1445 3584 etiam,
1465 3509 1632 3584 nominis
1661 3509 1786 3598 viros,
1815 3499 2042 3610 praejudiciis

570 3611 793 3733 quibusdam
826 3618 906 3723 plus
930 3643 1040 3724 aequo
1065 3635 1304 3721 occupatos,
1334 3617 1423 3696 huic
1449 3645 1554 3696 novo
1587 3627 1774 3728 principio
1799 3619 1896 3727 aegie
1924 3615 2044 3700 assen-

568 3746 632 3830 tiri
661 3725 831 3845 pomilse,
863 3745 901 3820 tle
917 3740 1030 3812 certis
1050 3742 1194 3814 incerta
1214 3725 1425 3814 identidem
1452 3731 1657 3842 praetulisse.
1718 3739 1872 3817 Horum
1901 3735 2043 3820 samam

571 3859 750 3942 vellicare
773 3875 852 3932 non
875 3852 927 3933 est
951 3857 1128 3930 animus?
1152 3845 1222 3934 tibi
1249 3857 1394 3958 potius,
1426 3850 1612 3932 benevole
1640 3856 1786 3950 sessor,
1819 3857 1883 3936 illa
1917 3857 2045 3965 paucIs

569 3995 765 4087 exponere
786 3965 919 4063 lubet,
943 3995 990 4052 cx
1016 3965 1153 4078 quibus
1177 3986 1257 4048 tute
1277 3965 1351 4075 ipse
1368 3964 1551 4070 judicium
1567 3972 1649 4052 hon
1675 3980 1849 4081 iniquum
1877 3971 1983 4056 seras.

630 4095 747 4200 Igitur
772 4109 813 4168 ut
838 4093 1051 4193 argumenti
1066 4085 1232 4170 sumatur
1249 4080 1450 4172 exordium
1466 4089 1485 4166 a
1503 4089 1774 4196 simplicissimis
1792 4105 1831 4173 iic
1848 4099 2045 4200 proximis

570 4205 812 4317 dispiciamus
837 4201 1017 4311 paulisper
1043 4204 1163 4310 qualis
1199 4201 1305 4294 sitin
1334 4203 1568 4291 terrestribus
1593 4193 1725 4293 natura
1750 4215 1972 4316 gravitatis,
2004 4234 2046 4292 ut
2152 4241 2159 4248 ·

574 4318 716 4414 deinde
737 4319 853 4404 rutilis
876 4313 1168 4426 progrediamur·
1190 4317 1254 4402 ubi
1272 4315 1319 4402 ad
1335 4348 1494 4431 corpora
1513 4329 1698 4421 caelestia,
1728 4327 1942 4432 longissime
1960 4333 1980 4408 a
1997 4327 2049 4409 se.

572 4438 684 4528 dibus
717 4441 848 4519 nostris
872 4459 1048 4533 remota,
1086 4459 1310 4546 perventum
1328 4437 1449 4524 fuerit.
1512 4443 1709 4524 Convenit
1736 4445 1812 4546 jam
1836 4451 1937 4525 inter
1963 4473 2050 4526 om·
2161 4501 2168 4513 ,

573 4587 642 4646 nes
668 4552 934 4666 philosophos,
964 4553 1317 4664 corpora-universa
1345 4563 1676 4640 citcumterresttia
1701 4567 1886 4670 gravitate
1909 4569 1951 4644 in
1974 4585 2049 4646 ter.

571 4704 667 4770 ram,
728 4671 846 4762 Nulla
867 4663 948 4758 dati
975 4697 1136 4786 corpora
1158 4668 1245 4756 vere
1265 4673 1387 4771 levia,
1415 4667 1642 4782 jamdudum
1664 4679 1908 4772 confirmavit
1938 4709 2049 4796 expe·

1878 4835 1883 4842 ¹
1918 4804 2054 4886 rientie
