4502 5662
724 435 1217 535 PRAEFATIO
1611 473 1706 534 xtx

210 596 361 710 potest,
394 585 537 670 etiamfi
568 577 825 666 concedamus
850 588 955 672 hunc
986 614 1138 673 motum
1169 587 1419 675 tardissimum
1448 586 1586 674 exinde
1614 619 1701 703 pro.

214 714 357 796 seclum
381 699 452 788 esse
477 697 584 816 quod
610 709 666 784 vis
690 712 908 814 centriperae
932 719 1131 819 proportio
1156 710 1306 792 aberret
1330 712 1567 821 aliquantium
1590 714 1611 792 a
1631 707 1701 792 du.

213 836 383 940 plicara3
427 821 708 904 aberrationem
759 825 863 903 illam
907 854 974 934 per
1016 855 1244 938 computum
1288 831 1605 912 mathematicum
1645 838 1702 910 in-

214 955 336 1030 veniri
369 935 470 1054 polle
504 951 545 1022 oc
579 938 690 1049 plane
716 941 969 1026 insensibilem
1008 939 1090 1028 else.
1164 945 1244 1056 Ipsa
1271 956 1374 1029 enirn
1404 957 1500 1030 ratio
1527 956 1582 1029 vis
1615 975 1704 1028 cen·

214 1075 360 1158 tripetae
397 1064 555 1152 lunaris,
604 1087 688 1169 quae
727 1069 903 1144 omniurn
941 1063 1108 1146 maxime
1141 1064 1283 1148 turbari
1324 1061 1461 1163 debet,
1510 1068 1707 1176 paululum

216 1179 374 1294 quidem
400 1173 636 1285 duplicatam
667 1177 872 1286 superabitr
906 1177 955 1261 ad
980 1183 1080 1263 hanc
1104 1212 1196 1263 vcro
1225 1181 1416 1295 sexaginta
1447 1183 1524 1264 fere
1551 1184 1701 1266 vicibus

214 1301 370 1412 propibs
396 1288 556 1378 accedet
587 1295 701 1404 quam
731 1290 780 1376 ad
817 1303 1058 1409 triplicatam.
1120 1296 1196 1382 Sed
1228 1310 1353 1389 rtrior
1385 1311 1457 1383 erit
1487 1301 1700 1412 responsio,

215 1420 242 1500 fi
269 1414 441 1498 dicamus
467 1411 566 1492 hanc
595 1408 764 1519 apsidum
794 1419 1111 1526 progressionem,
1145 1446 1224 1500 non
1251 1450 1298 1502 ex
1324 1419 1563 1502 aberratione
1590 1415 1703 1504 adu·

217 1537 354 1648 plicari
386 1538 657 1643 proportione,
690 1527 752 1612 sed
770 1562 815 1614 ex
843 1535 914 1616 alia
935 1538 1082 1646 prorsus
1109 1533 1257 1620 diversa
1285 1539 1397 1620 causi
1420 1545 1533 1634 oriri,
1567 1566 1703 1646 quem-

219 1648 430 1736 admodum
458 1648 610 1760 egregie
643 1655 961 1735 commonstratur
990 1661 1028 1736 in
1063 1656 1135 1738 hac
1162 1654 1411 1767 philosophia.
1490 1659 1621 1739 Restat
1648 1684 1706 1736 er·

219 1801 271 1884 go
292 1793 334 1852 ut
360 1778 457 1849 vires
486 1775 729 1875 centripetae,
765 1770 902 1879 quibus
923 1774 1083 1880 planetae
1112 1781 1280 1883 primarii
1307 1769 1472 1857 tendunt
1498 1774 1627 1856 vetslrs
1652 1773 1709 1854 so-

220 1895 298 1972 lem
327 1899 366 1970 &
396 1880 604 1967 secundarii
631 1891 760 1968 versus
790 1897 991 1997 primarios
1015 1892 1121 1989 suos,
1152 1893 1224 1974 fint
1252 1891 1429 1975 accurate
1454 1916 1497 1976 ut
1525 1887 1711 2003 quadrata

221 2005 480 2090 distantiarum
504 2004 712 2112 reciproce.

281 2122 342 2205 Ex
364 2131 408 2203 iis
433 2151 518 2232 quae
543 2124 723 2204 habienus
745 2119 965 2222 dictasunt,
990 2133 1137 2210 constat
1162 2132 1331 2237 planetas
1350 2136 1389 2212 in
1410 2130 1545 2212 orbitis
1563 2129 1635 2212 suis
1654 2157 1707 2208 re·

222 2250 337 2327 tineri
362 2269 428 2347 per
447 2250 528 2322 vim
547 2241 716 2346 aliquam
735 2249 775 2322 in
793 2239 890 2350 ipsos
906 2246 1091 2352 perpetub
1108 2268 1308 2356 agentem:
1339 2252 1484 2330 constat
1507 2256 1588 2329 vim
1606 2247 1712 2329 illam

224 2357 336 2469 dirigi
363 2355 509 2467 semper
537 2359 664 2436 versus
690 2357 901 2440 orbitarum
919 2387 1068 2446 centra:
1100 2367 1247 2446 constat
1277 2366 1385 2460 huius
1413 2365 1624 2448 efficaciam
1652 2391 1717 2446 au·

224 2486 306 2593 geri
329 2483 370 2558 in
390 2471 535 2556 accessu
558 2467 607 2554 ad
629 2499 824 2571 centrum,
852 2472 1014 2562 diminui
1039 2487 1078 2562 in
1102 2476 1242 2563 recessu
1263 2481 1316 2562 ob
1331 2479 1490 2564 eodem:
1524 2488 1717 2592 &augeri

226 2590 384 2708 quidem
410 2600 449 2676 in
467 2589 603 2674 eadem
630 2602 978 2705 proportionequa
1003 2592 1231 2698 diminuitur
1255 2595 1485 2708 quadratum
1508 2595 1716 2696 distantiat,

228 2709 390 2798 diminui
428 2723 469 2797 in
499 2706 635 2794 eadem
673 2721 922 2823 proportione
951 2717 1026 2824 qula
1065 2713 1246 2798 distantiae
1281 2713 1508 2826 quadratum
1545 2742 1718 2832 augetur.

176 2905 178 2908 ,
229 2826 439 2918 Videamus
461 2835 558 2936 jam,
591 2839 879 2940 comparatione
897 2837 1063 2918 instituta
1086 2843 1184 2915 inter
1208 2836 1444 2942 planetarum
1464 2844 1560 2919 vires
1582 2842 1722 2918 centri·

231 2973 336 3062 petas
359 2961 400 3032 δι
422 2959 503 3032 vim
523 2957 735 3062 gravitatis,
764 2977 893 3030 annon
915 2947 1081 3055 ejusdem
1103 2952 1203 3034 sorte
1229 2953 1298 3034 sint
1322 2962 1480 3062 generis.
1543 2951 1721 3058 Ejusdem

231 3069 326 3149 verb
344 3077 492 3176 generis
510 3089 640 3164 erunt,
665 3061 1039 3177 srdeprehendanrur
1057 3073 1146 3152 hinc
1165 3082 1205 3155 &
1224 3066 1313 3152 inde
1330 3073 1432 3182 leges
1450 3066 1614 3169 eaedem,
1648 3101 1721 3154 eae-

233 3182 401 3293 demque
426 3183 656 3268 affectiones.
726 3185 857 3268 Primo
884 3193 1013 3300 itaque
1042 3192 1161 3286 lunae,
1196 3217 1280 3298 quae
1304 3189 1416 3270 nobis
1447 3192 1721 3300 proximant,

234 3311 315 3386 vim
344 3314 596 3414 centripetam
618 3299 888 3413 expendamus.

294 3424 422 3529 Spatia
437 3425 642 3518 restilinea,
674 3451 758 3531 quae
783 3426 804 3504 a
828 3424 1051 3533 corporibus
1079 3424 1101 3505 ὲ
1128 3431 1257 3536 quiete
1282 3419 1447 3508 demissis
1462 3423 1554 3512 dato
1575 3448 1726 3541 tempo.

236 3568 277 3620 re
303 3537 369 3620 sub
400 3541 480 3650 ipso
510 3563 638 3658 motus
670 3548 779 3622 initio
811 3534 1095 3639 describuntur,
1126 3542 1192 3625 ubi
1224 3545 1244 3624 a
1272 3542 1413 3625 viribus
1440 3544 1730 3658 quibuscunque

237 3680 441 3766 urgentur,
473 3663 771 3770 proportionalia
794 3660 877 3742 sunt
905 3664 988 3771 ipsrs
1016 3661 1176 3743 viribus:
1208 3661 1286 3741 hoc
1319 3671 1451 3773 utique
1484 3663 1730 3775 consequitur

238 3803 287 3857 ex
308 3783 514 3857 ratiociniis
532 3772 835 3866 mathematicis)
874 3785 966 3863 'Erit
982 3788 1095 3892 igitur
1119 3787 1175 3860 vis
1196 3787 1407 3888 centripeta
1426 3786 1522 3864 luna
1540 3791 1582 3864 in
1606 3783 1733 3884 orbiti

239 3894 301 3975 sub
334 3898 584 3994 revolventis,
619 3894 667 3980 ad
699 3909 777 3981 vim
809 3907 1003 4012 gravitatis
1040 3907 1081 3979 in
1109 3897 1305 4004 superficie
1337 3917 1465 3996 terrae,
1500 3923 1540 3981 ut
1568 3900 1732 4010 spatium

241 4008 349 4124 quod
376 4035 550 4121 tempore
576 4019 692 4125 quarn
719 4028 883 4101 minimo
908 4013 1137 4098 describeret
1158 4019 1247 4096 luna
1269 4009 1536 4098 descendendo
1560 4041 1629 4127 per
1650 4029 1734 4104 vim

242 4137 495 4240 centripetam
522 4135 649 4216 versus
669 4158 829 4235 terram,
860 4139 885 4218 sr
906 4138 1078 4216 circulari
1104 4141 1211 4214 omni
1235 4157 1344 4214 motu
1363 4144 1500 4244 privari
1527 4138 1748 4248 fingeretur,

243 4246 293 4332 ad
318 4254 476 4360 spatium
505 4248 612 4362 quod
635 4250 774 4337 eodem
801 4279 976 4364 tempore
994 4255 1109 4362 quam
1132 4261 1295 4332 minimo
1315 4245 1491 4364 describit
1517 4267 1635 4365 grave
1652 4285 1737 4340 cot.

245 4397 313 4477 pus
344 4376 383 4449 in
412 4378 550 4452 vicinia
575 4393 703 4468 terrae,
735 4381 898 4482 pervim
922 4380 1116 4484 gravitatis
1142 4369 1212 4451 suae
1230 4365 1416 4453 cadendo,
1478 4373 1636 4474 Horum
1659 4373 1738 4486 spa-

245 4493 389 4586 tiorum
417 4496 516 4599 prius
537 4493 682 4602 ecquale
711 4495 761 4572 est
779 4495 886 4572 arctis
916 4493 1040 4574 aluna
1058 4519 1125 4600 per
1146 4487 1251 4570 idem
1277 4511 1427 4599 tempus
1444 4484 1617 4604 descripti
1642 4493 1737 4574 sinui

250 4603 379 4701 verso,
408 4615 550 4719 quippe
575 4615 641 4721 qui
665 4612 761 4693 luna
779 4607 1063 4694 transsationem
1085 4605 1135 4691 de
1159 4630 1360 4717 tangente,
1391 4607 1530 4691 {asiam
1553 4613 1630 4692 avi
1649 4637 1739 4693 cen-

251 4726 415 4840 tripeta,
447 4737 624 4834 metitur,
655 4753 772 4848 atque
804 4724 902 4816 adeb
929 4731 1292 4910 computprisspotest
1324 4756 1371 4815 ex
1400 4721 1497 4816 datis
1525 4729 1608 4811 tiam
1643 4731 1744 4808 lunae

1231 4879 1256 4931 2
