4502 5662
621 417 701 490 Δι6
931 391 1358 490 Purrosornrn
1417 407 1775 492 Nnrurrnrrs

462 551 625 610 ΜΨ·
649 569 837 634 exrnotu
868 557 1038 659 corporis
1062 545 1115 630 de
1150 551 1241 629 roco
1269 545 1336 652 fito
1363 557 1513 660 primo,
1545 561 1587 634 &
1619 570 1730 632 motu
1758 550 1838 630 ioci
1867 545 1976 653 hujus
2001 541 2055 630 de

465 640 622 686 trouu.
647 670 740 750 loco
772 666 864 763 suo,
895 679 936 750 δι
964 669 1014 746 src
1043 662 1255 774 deinceps;
1286 665 1420 776 usque*
1443 665 1537 750 dum
1568 673 1809 779 perveniatur
1834 659 1887 748 ud
1905 659 2054 747 ³locunr

651 793 884 880 immotum,
916 805 958 866 ut
977 792 1016 864 in
1041 786 1217 892 exemplo
1244 785 1381 868 Nautae
1401 784 1508 896 supra
1534 795 1763 869 memorato.
1824 773 1947 866 Unde
1968 806 2057 865 mo-

617 894 706 986 'tus
731 909 867 1013 integri
898 911 940 984 δι
971 900 1129 983 absoluti
1158 925 1237 981 non
1277 901 1343 982 nisr
1372 930 1439 1011 per
1470 905 1556 985 loca
1590 910 1754 985 immota
1770 895 1932 982 'definiri
1972 897 2057 1009 pos-

645 1019 749 1103 sunt:
783 1031 1049 1128 &propterea
1080 1017 1151 1097 hos
1187 1011 1237 1095 ad
1271 1017 1359 1098 loca
1388 1024 1576 1115 immota,
1606 1023 1782 1101 relativos
1810 1012 1860 1098 ad
1895 1015 2055 1098 mobilia

641 1135 754 1248 supra
779 1137 903 1218 retuli.
962 1138 1069 1218 Loca
1105 1156 1234 1215 autem
1266 1140 1431 1224 immota
1457 1163 1537 1218 non
1567 1135 1673 1230 sunt,
1709 1133 1779 1214 nili¹
1801 1163 1885 1243 quae
1920 1141 2053 1216 omnia

648 1253 695 1334 ab
721 1253 872 1334 infinito
893 1259 932 1332 in
961 1253 1155 1332 infinitum
1182 1245 1287 1364 datus
1302 1250 1457 1335 servant
1478 1250 1681 1363 posrtioner
1706 1245 1756 1331 ad
1778 1259 1970 1338 invicemt
1999 1272 2057 1332 at-

646 1397 723 1480 que
744 1363 843 1450 adeo
867 1367 1012 1478 semper
1036 1388 1195 1450 manent
1215 1371 1397 1467 immota,
1428 1368 1663 1480 spatiumque
1689 1369 1922 1450 constituunt
1947 1360 2055 1479 quod

654 1484 857 1572 Immobile
884 1487 1046 1595 appello.
1547 1533 1564 1564 .»
1773 1553 1781 1574 s

710 1601 871 1701 causae,
900 1602 1037 1712 quibus
1068 1622 1197 1686 motus
1224 1614 1305 1689 veri
1337 1617 1379 1690 tt
1411 1609 1559 1690 relativi
1573 1600 1861 1716 distinguuntur
1879 1602 1933 1696 &ab
1961 1609 2059 1688 invi·
2163 1627 2168 1632 ·

501 1829 505 1838 ¹
631 1749 757 1820 reem,
787 1719 871 1802 sunt
899 1723 1079 1805 V-iresvin
1106 1747 1271 1832 corpora
1304 1717 1484 1833 impreffae
1519 1719 1569 1805 ad
1600 1728 1753 1806 motum
1781 1716 2056 1834 generandum.

652 1845 788 1928 Motus
819 1865 929 1921 verus
963 1865 1036 1921 nec
1069 1861 1283 1950 -generatur
1321 1869 1394 1922 nec
1436 1863 1627 1938 mutatur,
1658 1841 1736 1922 ⁴nifi
1758 1861 1838 1950 'per
1880 1848 1977 1922 vires
2017 1845 2057 1919 in

650 1957 773 2071 ipsum
812 1983 949 2072 corpus¹
988 1981 1142 2050 motum
1182 1951 1400 2066 impressas:
1442 1983 1481 2041 at
1505 1981 1640 2040 'motus
1672 1955 1847 2040 relativus
1884 1961 2058 2066 generari

650 2090 693 2162 δι
723 2083 861 2158 mutari
890 2077 1010 2182 potest
1035 2075 1111 2154 sme
1144 2073 1287 2157 viribus
1321 2076 1502 2184 impreisrs
1533 2083 1574 2158 in
1597 2077 1674 2158 hoc
1702 2095 1847 2184 corpus.
1903 2072 2059 2156 'Sufficit

650 2199 756 2276 enim
787 2215 830 2274 ut
857 2197 1096 2299 imprimatur
1126 2199 1166 2272 iu
1196 2189 1417 2274 aliasolum
1448 2217 1611 2300 corpora
1643 2187 1693 2272 ad
1721 2220 1805 2301 quae
1834 2189 1878 2271 fit
1905 2193 2061 2285 relatiO,

650 2334 696 2394 ut
719 2316 763 2390 iis
778 2301 1013 2390 ‘cedentibus
1040 2329 1209 2390 mutetur
1235 2311 1368 2389 relatio
1396 2311 1460 2390 illa
1483 2317 1523 2392 in
1542 2309 1618 2420 qui
1638 2307 1745 2414 hujus
1764 2314 1869 2417 quies
1894 2309 1957 2390 vel
1977 2333 2061 2387 mo.

652 2450 712 2511 tus
746 2428 921 2507 relativus
955 2427 1132 2506 consistit.
1193 2425 1357 2507 Rurfirm
1384 2447 1513 2508 motus
1542 2453 1653 2507 verus
1686 2427 1709 2506 ‘a
1739 2421 1879 2505 viribus
1909 2431 1950 2506 in
1978 2450 2063 2504 cor-

655 2571 724 2656 pus
762 2541 914 2623 motum
953 2541 1133 2650 impressis
1160 2538 1314 2651 semper
1341 2565 1535 2630 mutatum
1567 2565 1606 2624 at
1644 2567 1772 2624 motus
1791 2543 1983 2624 'relativus
2014 2537 2061 2634 ab

654 2663 714 2745 his
736 2657 877 2739 viribus
894 2684 974 2738 non
993 2678 1162 2740 mutatur
1183 2651 1400 2740 necessario.
1461 2663 1567 2744 Nam
1591 2661 1619 2740 fi
1644 2655 1790 2742 eaedem
1811 2663 1908 2740 vires
1919 2665 1971 2740 'in
1991 2659 2063 2738 nia

657 2783 776 2860 etiam
805 2799 981 2882 corpora,
1012 2768 1061 2855 ad
1093 2801 1178 2884 quae
1206 2777 1252 2856 fit
1277 2776 1425 2871 mittin,
1453 2777 1503 2857 src
1518 2780 1794 2885 imprimantur
1819 2795 1860 2856 ut
1893 2776 1979 2858 srtus
2007 2803 2064 2856 re-

656 2897 791 2976 lativus
811 2887 1073 2985 conservetur,
1105 2887 1386 2972 conservabitur
1408 2896 1545 2976 relatio
1566 2900 1605 2975 in
1632 2895 1708 3004 qui
1732 2910 1862 2976 motus
1887 2895 2063 2974 relativus

618 3113 622 3120 ¹
657 3007 832 3090 eonsrstit.
892 3009 1037 3090 Mutari
1065 3015 1182 3118 igitur
1207 3011 1328 3117 potest
1356 3031 1484 3092 motus
1513 3017 1639 3093 omnis
1661 3013 1838 3093 relativus
1865 3009 1930 3090 ubi
1954 3036 2064 3090 verus

658 3119 913 3218 conservatur,
943 3126 1220 3208 &conservari
1249 3123 1326 3206 ubi.
1345 3153 1455 3207 verus
1482 3150 1663 3216 mutatun
1693 3141 1734 3211 δι
1758 3149 1958 3236 propterea
1982 3151 2066 3208 mo.

658 3265 718 3326 tus
746 3269 856 3323 verus
879 3247 920 3322 in
949 3237 1131 3346 ejusmodi
1156 3241 1590 3348 relationibutminime
1617 3246 1793 3327 consrstit'.

666 3429 692 3442 ..
723 3351 898 3441 Effeemt..
917 3359 1053 3470 quibus
1089 3382 1216 3441 motus
1259 3356 1417 3442 ibstrlu'ti
1449 3363 1676 3472 &relativi
1710 3357 1986 3470 distinguuntur
2018 3361 2065 3442 rib

661 3483 843 3570 invicem,
873 3474 957 3556 sunt
978 3483 1075 3557 vires
1093 3471 1298 3557 recedendi
1322 3476 1369 3556 ab
1393 3505 1462 3558 axe
1485 3501 1614 3560 motus
1632 3483 1833 3562 circularis.
1853 3479 1936 3578 (⁰)
1961 3481 2067 3562 Nam

661 3599 702 3674 in
730 3615 841 3674 motu
869 3593 1045 3674 circulari
1076 3589 1179 3674 nude
1207 3595 1368 3675 relativo
1395 3592 1454 3675 11ae
1490 3604 1586 3677 vires
1617 3599 1728 3680 nullae
1755 3596 1868 3694 sunt,
1910 3603 1950 3691 in
1975 3621 2067 3678 vero

664 3700 793 3794 autern
830 3705 1070 3793 &absoluto
1099 3714 1260 3834 majores
1287 3712 1349 3791 vel
1381 3716 1550 3794 minores
1582 3741 1651 3822 pro
1682 3721 1893 3825 quantitate
1927 3735 2068 3796 motus.

2028 3832 2068 3913 Si

664 4059 780 4144 aqualis
797 4063 877 4126 soret
902 4053 1069 4124 differentis
1092 4064 1274 4134 [eeleritatum
1297 4085 1346 4126 na·
1395 4063 1606 4148 pendicuitris,
1626 4081 1779 4142 tuncque,
1810 4086 1845 4130 ex
1870 4065 1977 4146 regulis
1995 4064 2074 4128 infra

665 4141 707 4204 tis
718 4139 845 4218 tespeeiu
862 4139 944 4218 spatii
960 4141 1074 4200 immori
1090 4145 1115 4204 ir
1131 4161 1219 4200 nanrae
1233 4141 1282 4201 res
1312 4161 1346 4202 c·
1396 4141 1617 4202 demonstrandis
1636 4178 1647 4209 ,
1674 4140 1816 4202 facillime¹
1836 4144 1994 4204 invenietur
2014 4141 2075 4202 tum

666 4234 701 4278 tu
719 4216 807 4277 navis.
847 4215 973 4275 Tandem
991 4216 1009 4274 sr
1027 4221 1266 4284 morusn'autae-re
1281 4235 1346 4296 pec·
1395 4216 1524 4276 absoluta
1539 4233 1630 4276 naurae
1649 4215 1801 4282 celeritas,
1828 4218 1887 4280 nim
1907 4219 1984 4279 iliius
2008 4235 2075 4278 vert

668 4307 700 4352 tu
716 4290 889 4352 navit-soret
906 4291 1056 4367 obliquus,
1078 4289 1154 4350 illins
1178 4288 1302 4358 direiiin,
1317 4295 1345 4352 &
1396 4291 1526 4353 direstio.

668 4362 808 4434 'uelocitas
829 4365 860 4424 in
881 4365 948 4432 duas
974 4364 1043 4426 alias
1061 4365 1274 4430 directiones&
1297 4386 1346 4429 ve·
1434 4367 1505 4445 (⁰)
1543 4387 1586 4427 ιο.
1607 4369 1641 4427 In
1655 4386 1736 4430 motu
1753 4367 1886 4430 circulari
1907 4369 1980 4430 nudi
1997 4369 2075 4432 reit-

668 4437 807 4524 locitater
833 4441 874 4501 ita
889 4439 1000 4500 resolvi
1020 4440 1145 4506 debent,
1172 4460 1203 4502 ut
1226 4463 1281 4502 una
1301 4442 1347 4502 di·
1395 4442 1478 4512 tivo,
1496 4442 1527 4503 id
1546 4443 1659 4508 estrin
1673 4445 1771 4522 quiete
1795 4445 1925 4504 absoluti
1947 4440 2077 4524 cbrporis

646 4511 760 4599 ¹restro
777 4533 841 4574 cum
860 4515 983 4575 aliorum
1003 4533 1130 4576 motuum
1144 4517 1287 4578 communi
1306 4516 1349 4578 di·
1398 4518 1517 4587 inertis,
1533 4518 1710 4596 quodmotu
1726 4519 1860 4580 duntaxat
1877 4523 1998 4583 relativo
2016 4539 2077 4580 uu

669 4589 799 4652 :edrone
815 4589 978 4668 conspiret,
1006 4591 1063 4654 ulia
1082 4591 1197 4655 renisu
1220 4593 1267 4674 ipfi
1283 4612 1348 4672 per·
1399 4611 1497 4662 retur,
1515 4593 1589 4657 virts
1607 4595 1701 4661 nitiva
1721 4597 1802 4661 nuiiae
1822 4595 1892 4658 sunt.
