4502 5662
461 391 798 474 Pzntucrrrn
857 391 1317 478 Mutuumrtrcn.
1527 407 1578 501 ip

177 534 245 628 bus
275 533 479 620 Fixarum,
533 551 599 612 aut
631 527 745 637 longe
781 528 905 628 ultra,
945 529 1114 638 quiescat
1149 529 1322 614 'absolute
1339 559 1350 620 3
1396 531 1480 616 sciri
1516 563 1580 618 au.
1606 529 1770 599 Demi*

176 675 257 732 tem
287 676 364 728 non
392 646 500 757 possrt
528 675 574 730 ex
601 648 668 727 fitu
691 673 898 755 corporum
922 639 971 727 ad
996 653 1163 728 invicem
1186 657 1225 730 in
1257 651 1475 759 regionibus
1498 652 1582 734 nos
1607 630 1766 684 norw

176 775 269 860 tris,
300 765 488 846 horumne
530 757 686 874 aliquod
727 757 782 843 ad
816 767 1070 874 longinquum
1106 767 1216 846 illum
1259 759 1386 850 datam
1428 771 1584 879 politio.

175 891 325 965 tionem
357 881 477 995 servet
510 869 660 979 necne}
693 887 799 990 quies
824 909 918 966 vera
936 910 985 962 ex
1005 881 1144 962 horum
1168 883 1239 966 firu
1261 890 1360 966 inter
1388 881 1590 970 sederint.

172 1005 377 1112 rinequit.
1354 1011 1358 1016 “
1492 1075 1496 1086 ,
1585 1060 1587 1068 ,

234 1122 368 1203 Motus
392 1124 600 1226 proprietas
628 1119 700 1210 est,
731 1109 838 1224 quod
864 1137 1018 1224 partes,
1051 1147 1134 1227 quae
1171 1113 1276 1200 datar
1310 1117 1456 1202 struant
1487 1121 1584 1229 post·

177 1243 304 1316 tiones
329 1229 378 1314 ad
408 1257 514 1329 tota,
553 1241 785 1342 participant
818 1253 946 1314 motus
979 1229 1191 1316 eorundem
1228 1255 1412 1320 totorum.
1474 1241 1585 1320 Nam
1716 1255 1721 1261 “

179 1353 407 1458 Gyrantium
438 1373 559 1460 partes
596 1354 677 1445 (¹¹¹)
712 1376 846 1432 omnes
886 1370 1072 1430 conantur
1106 1346 1287 1434 recedere
1320 1349 1369 1432 ab
1398 1381 1468 1436 axe
1500 1381 1585 1436 nro.

177 1494 261 1566 tus,
286 1461 334 1552 ²&
376 1460 706 1578 Progredientium
746 1473 912 1575 impetus
948 1473 1069 1548 oritur
1104 1497 1151 1550 ex
1197 1471 1403 1574 conjuncto
1439 1480 1588 1580 impetu

177 1596 343 1698 patrium
366 1586 603 1696 smgularum.
663 1586 788 1666 Motis
808 1588 923 1692 igitur
944 1584 1169 1693 corporibus
1187 1585 1467 1684 ambientibtu,
1498 1613 1587 1668 mo-

182 1727 316 1786 ventur
347 1732 431 1814 quar
465 1709 504 1783 in
535 1697 788 1782 ambientibus
827 1697 983 1782 relative
1022 1702 1230 1810 quiescunt.
1291 1707 1339 1788 Et
1381 1725 1595 1815 propterea.

179 1845 307 1904 motus
337 1849 447 1902 verus
481 1829 522 1902 δι
553 1815 748 1900 absolutus·
777 1809 926 1900 definiri
968 1826 1103 1927 nequit
1141 1849 1211 1930 per
1246 1819 1587 1906 transsationem&

177 1939 320 2020 ricinii
352 1963 585 2048 corporum,
617 1964 700 2045 quae
736 1954 919 2042 tanquam
955 1935 1186 2045 quiescentia
1218 1939 1443 2049 spectantur.
1503 1940 1586 2022 De·

179 2058 273 2138 bent
313 2062 415 2136 enim
460 2080 621 2162 corpora
655 2073 811 2136 externa
853 2077 934 2132 non
978 2051 1098 2136 solum
1136 2077 1318 2166 tanquam
1355 2053 1595 2166 quiescentia.

179 2171 357 2282 spellarI,
389 2165 454 2251 sed
493 2176 608 2250 etiarn
643 2168 732 2250 vere
772 2171 975 2276 quiescere.
1036 2175 1221 2280 Alioquin
1250 2173 1391 2254 inclusa
1424 2183 1588 2266 omnia,

178 2312 314 2398 praeter
332 2285 615 2368 transsationem
643 2283 664 2364 ὲ
690 2285 831 2365 vicinia
853 2282 1127 2382 ambientium,
1159 2289 1439 2397 participabunt
1468 2299 1602 2371 eriam.

178 2405 433 2486 ambientium
459 2425 592 2484 motus
614 2427 752 2486 verost
796 2410 837 2481 δι
872 2398 1013 2480 sublati
1042 2405 1114 2483 illa.
1135 2404 1377 2488 translatione
1409 2431 1490 2488 non
1520 2433 1597 2486 ve..

177 2511 220 2602 rb
247 2518 464 2630 quiescent,
495 2513 557 2599 sed
582 2539 764 2626 tanquam
789 2515 1016 2625 quiescentia
1041 2515 1285 2602 solummodo
1308 2521 1596 2630 sperabuntur..

178 2642 276 2722 Sunt
298 2647 402 2720 enim
422 2635 630 2717 ambientia
655 2627 704 2714 ad
723 2631 908 2730 inclusa,·
923 2653 969 2712 ut·
987 2641 1104 2716 totius
1132 2664 1214 2746 pars
1238 2645 1402 2719 exterior
1422 2635 1474 2720 ad
1505 2668 1588 2748 par.

178 2751 262 2838 cern
287 2762 531 2849 interiorem,
562 2756 624 2834 vel
652 2773 693 2832 ut
720 2773 853 2848 cortex
880 2744 929 2829 ad
956 2754 1147 2836 nucleum.
1207 2757 1325 2836 Moto
1349 2779 1479 2838 autem
1503 2783 1595 2836 cor..

178 2882 283 2969 rice,
314 2875 471 2954 nucleus
495 2877 638 2966 etiam,
668 2869 745 2950 fine
779 2865 1020 2950 transsatione
1053 2862 1102 2949 de
1130 2874 1271 2953 vicini&
1305 2881 1485 2969 corticis,
1515 2899 1594 2956 ctu.
1851 2925 1856 2962 .

177 3018 266 3106 pars
290 2997 412 3073 totius
428 3009 616 3070 movetur.
669 3093 672 3098 1

243 3101 480 3190 Praecedenti
518 3108 737 3214 proprietati
777 3101 899 3184 affinis
927 3105 1004 3200 est,
1035 3097 1142 3212 quod
1172 3125 1284 3188 moto
1316 3108 1426 3190 Loco
1458 3131 1599 3190 move.

180 3251 243 3310 tur
273 3228 347 3307 uni
374 3228 587 3305 Locatum:
619 3217 786 3328 ideoque
814 3247 973 3330 corpus,
1004 3216 1111 3330 quod
1136 3218 1184 3302 de
1208 3225 1297 3304 loco
1317 3246 1433 3324 moto
1457 3248 1598 3306 move-

182 3367 269 3440 tur,
299 3349 497 3454 participat
525 3347 641 3420 etiam
666 3343 744 3418 loci
769 3335 822 3418 sui
846 3359 1009 3420 tuorum.
1054 3342 1115 3433 (¹²)
1144 3341 1278 3438 Motus¹
1302 3346 1417 3452 igitur
1445 3367 1594 3440 omnes,

188 3470 257 3571 qui
287 3455 337 3542 de
360 3460 454 3540 locis
489 3465 605 3538 motis
635 3459 755 3551 fiunt,
786 3454 870 3535 sunt
895 3479 1018 3564 partes
1050 3451 1293 3554 solummodo
1330 3483 1510 3540 motuum
1539 3468 1607 3542 in.-

187 3602 391 3692 tegrorum
415 3587 456 3660 δι
481 3573 739 3658 absolutorum
751 3608 772 3654 a
794 3583 835 3654 δι
861 3596 990 3655 motus
1023 3583 1148 3660 omnis
1178 3583 1324 3686 integer
1352 3582 1599 3688 componitur

1547 3721 1598 3778 ex

222 3917 303 4003 (ml
339 3923 382 3977 18.
413 3918 581 4006 Gyrantium
602 3935 755 4004 corporum
775 3933 869 3998 parter
957 3918 1020 3994 (η)
1061 3937 1105 3989 19.
1136 3915 1165 3976 Si
1181 3933 1264 3978 nauta
1283 3915 1313 3975 in
1332 3916 1395 3977 navi
1417 3916 1597 3980 deambulare

185 4000 302 4079 singulae
327 3993 356 4054 in
382 3995 484 4053 orbitis·
513 3993 675 4056 curviliners
700 4013 870 4061 moventur,
920 3991 1109 4073 supponatur,
1128 3993 1275 4070 motusque
1290 3994 1365 4051 naris
1378 3993 1611 4054 &ammons--

182 4077 321 4151 adedque
347 4071 436 4148 (,ιο)Ι
459 4091 510 4148 per
538 4079 698 4146 tangentes'
714 4067 870 4130 orbitarum
920 4069 1035 4146 pirent,
1064 4067 1222 4146 integra&
1241 4066 1369 4127 absoluta
1389 4085 1478 4126 nautoe
1497 4068 1608 4128 celeria·

182 4147 344 4232 progredi,
363 4164 448 4222 arque
468 4145 509 4208 ita
526 4147 563 4206 ab
577 4165 627 4206 axe
643 4146 735 4204 mortis
752 4146 872 4206 recede·
922 4163 965 4203 tar
983 4143 1164 4223 componitur
1186 4161 1220 4200 ex
1246 4141 1398 4202 celeritate
1414 4159 1515 4218 ‚nauta
1539 4143 1607 4204 res⁰¹

181 4249 214 4288 re
233 4225 387 4299 tritomum
406 4223 472 4284 urst
493 4221 610 4283 trochus
627 4223 674 4280 vel
693 4219 798 4300 sphera
814 4221 871 4281 cir·
922 4223 1002 4298 petto
1020 4218 1080 4281 loci
1098 4217 1140 4277 sui
1158 4217 1242 4296 primi
1263 4217 1292 4276 in
1311 4218 1392 4284 navi,
1413 4238 1447 4278 ex
1466 4219 1603 4280 celetitau

186 4323 221 4363 ca
242 4319 328 4362 arem
347 4315 474 4367 rotatur,
503 4295 746 4376 singulatillorum
765 4316 818 4356 cor
922 4311 951 4355 te
965 4296 1024 4357 loci
1040 4293 1131 4359 illius,
1151 4292 1180 4352 id
1193 4293 1249 4357 cll,
1269 4292 1346 4354 navis
1365 4292 1489 4372 respeau
1506 4293 1614 4364 marit‚-‚

188 4399 251 4438 tutu
264 4391 359 4456 partes
374 4373 499 4434 citetdo's
518 4371 690 4438 describunt,
707 4375 733 4428 ἃ
751 4375 785 4432 ab
803 4372 813 4431 i
839 4393 872 4432 o·
923 4369 970 4430 seu
992 4371 1116 4460 respectu
1134 4368 1195 4429 loci
1213 4368 1347 4438 secuudi',
1367 4375 1392 4427 δι
1410 4388 1446 4429 ex
1466 4368 1600 4432 celerita·

190 4473 251 4516 nun
271 4447 378 4512 centris
395 4469 445 4523 per
467 4467 614 4538 tangentes
633 4445 873 4526 effugeteconan»
924 4465 1055 4508 tentans
1078 4443 1203 4522 respebu
1226 4443 1306 4523 spatii
1330 4444 1452 4505 immoti.
1499 4445 1617 4505 situm.

181 4543 261 4594 rur,
280 4543 343 4588 eum
366 4543 400 4584 ue
419 4525 512 4586 omnia
525 4529 577 4586 tlla
587 4543 687 4586 centra
705 4521 757 4584 stnt
777 4521 805 4582 in
822 4543 872 4584 ue
925 4541 983 4583 tem
1000 4539 1094 4582 motus
1111 4539 1219 4584 nautae,
1248 4520 1338 4580 motui
1360 4519 1436 4582 navis
1455 4519 1532 4581 soret
1553 4519 1603 4578 di·

193 4602 288 4661 moris
308 4545 411 4678 posta,
429 4601 539 4684 singule
557 4619 651 4684 parter
667 4601 704 4680 ab
722 4616 875 4677 arete&
924 4601 998 4662 tecle
1017 4595 1182 4678 opposttut,
1200 4594 1334 4660 absoluta
1351 4613 1441 4660 nauta
1461 4593 1603 4658 velocitas

192 4674 415 4750 destruuntur.
1477 4683 1478 4688 ’
1505 4687 1610 4748 aqum·
