4502 5662
600 455 635 530 4*
886 421 1311 514 Pn'rtosouutn
1360 423 1761 506 Nntuttntrs·

415 579 588 675 ”¹¹¹²OE
601 602 678 686 que
717 578 758 657 in
799 599 962 684 corpore
996 563 1114 680 duplo
1151 570 1299 676 majore
1336 573 1470 680 aequali
1493 595 1596 654 cum
1634 573 1840 678 velocitate
1875 563 2016 680 duplus

415 669 572 718 ηοω
603 695 697 792 est,
712 703 754 778 bc
786 687 901 804 dupli
932 685 1023 771 cum
1049 688 1253 770 velocitate
1284 681 1529 799 quadruplus.

933 859 1438 1020 our1tt1'rro
1498 876 1710 980 tritu·

565 1158 566 1161 a
598 1075 782 1166 ,Materia
813 1079 873 1157 vis
902 1075 1007 1184 infita
1037 1075 1082 1188 est
1106 1078 1271 1194 potentia
1294 1071 1492 1187 tefijlendi‚
1529 1071 1605 1189 quo
1633 1101 1770 1190 corpus,
1784 1071 2015 1189 unumquod-

687 1226 785 1312 que,
833 1203 1014 1308 quantum
1048 1200 1091 1276 in
1118 1193 1161 1308 se
1197 1191 1277 1308 psl,
1318 1189 1525 1308 perseverat
1562 1201 1603 1276 in
1633 1194 1734 1306 statu
1757 1188 1826 1304 suo
1862 1193 1925 1275 vel

791 1308 997 1427 quiescendi
1026 1316 1091 1395 vel
1113 1309 1288 1394 movendi
1310 1307 1539 1422 untfitrmiter
1558 1319 1603 1395 in
1627 1311 1821 1397 direc‘lum.

664 1513 762 1594 Haec
803 1507 949 1620 semper
991 1511 1287 1620 proportionalis
1322 1512 1375 1592 eli
1409 1507 1475 1604 suo
1512 1515 1690 1619 corpori,
1729 1497 1857 1618 neque
1887 1501 2019 1620 differt
2076 1611 2078 1616 Ι
2147 1575 2154 1588 .

604 1639 816 1743 quicquam
857 1627 904 1709 ab
923 1633 1074 1710 inertia
1107 1621 1259 1725 massae,
1299 1627 1368 1709 nist
1397 1631 1437 1710 in
1476 1621 1598 1709 modo
1628 1619 1883 1738 concipiendi.
1943 1628 2020 1711 Pet

527 1771 528 1774 ‘
604 1755 780 1862 inertiam
811 1753 1002 1840 materiae,
1032 1747 1078 1826 fit
1108 1767 1151 1828 ut
1178 1772 1315 1856 corpus
1348 1771 1467 1828 omne
1496 1740 1546 1827 de
1574 1749 1670 1830 statu
1702 1747 1769 1830 suo
1800 1747 1862 1854 vel
1886 1739 2020 1856 quies

575 1925 579 1928 -
607 1861 719 1952 cendi
748 1867 809 1947 vel
837 1858 1022 1954 movendi
1047 1858 1256 1948 difficulter
1284 1858 1519 1947 deturbetur.
1580 1859 1703 1950 Unde
1734 1871 1854 1948 etiam
1882 1871 1939 1946 vis
1963 1869 2021 1946 in·
2043 1859 2050 1872 ”

606 1986 673 2068 stra
710 1991 866 2066 nomine
904 1983 1238 2093 significantissimo
1269 1989 1328 2064 vis
1369 1986 1518 2065 Inertiae
1552 1978 1632 2066 dici
1659 1984 1783 2096 possit.
1855 1984 2020 2065 Exercet

606 2103 700 2184 vero
735 2128 880 2212 corpus.
902 2099 1001 2182 hanc
1030 2106 1110 2182 vim
1144 2091 1388 2184 solummodo
1417 2109 1456 2183 in
1484 2109 1698 2185 mutatione
1731 2107 1845 2184 statut
1870 2097 1932 2182 sui'
1953 2123 2026 2210 per

608 2227 687 2303 vim
718 2221 830 2302 aliam
867 2227 909 2299 in
940 2214 976 2299 se
1007 2212 1222 2328 impressam
1256 2218 1376 2310 sabim
1407 2223 1537 2330 estque
1569 2227 1794 2303 exercitium
1830 2213 1923 2304 illud
1952 2214 2023 2298 sub

608 2332 757 2418 diverso
791 2335 958 2446 respeOtu
990 2347 1031 2418 δι
1060 2337 1282 2419 Resistentia
1320 2349 1362 2422 δι
1402 2333 1591 2448 Impetus:
1628 2341 1830 2421 resistentia
1844 2397 1858 2434 ,
1890 2331 2024 2446 qtiatc-

607 2485 678 2554 nus
707 2482 844 2564 corpus
870 2449 919 2534 ad
947 2447 1249 2536 conservandum
1274 2455 1411 2538 statum
1438 2454 1546 2539 suurn
1576 2459 1779 2539 relustatur
1803 2462 1842 2536 vi
1867 2447 2023 2563 impres-

611 2574 673 2663 sae3
695 2579 888 2682 impetus,
919 2594 1104 2682 quatenus
1128 2569 1266 2684 corpur
1291 2567 1419 2671 idem,
1457 2581 1497 2657 vi
1520 2576 1717 2656 resistentis
1742 2569 1924 2655 obstaculi
1947 2564 2021 2650 dtf.

1914 2689 2027 2770 ficul-

611 2937 667 2998 que
682 2937 732 2998 per
744 2922 785 2986 M,
798 2923 824 2976 ἃ
838 2916 940 2980 deinde
952 2937 1002 3000 pet
1016 2918 1160 2988 Qeritc
1184 2939 1220 2980 ::
1238 2922 1290 2999 Q:
1342 2919 1499 2994 Paffiuatll
1517 2915 1647 2999 potentia
1667 2933 1778 2982 motum
1798 2913 2025 3006 recipiendi'vel

612 2999 662 3064 M;
685 3001 711 3053 δι
726 2999 756 3054 Μ
770 3013 805 3051 =
827 2995 946 3070 Q:c;
974 2999 1027 3056 Seu
1046 2995 1180 3057 celeritas
1203 2996 1243 3058 est
1261 3015 1293 3058 ut
1342 2996 1515 3064 amittendi,
1543 2994 1584 3054 vis
1608 2994 1698 3055 asiiva
1724 2994 1865 3056 subdivldr
1888 2989 1963 3052 solet
1983 3003 2025 3051 ‘rn-

634 3071 754 3130 uantitas
763 3069 855 3130 mortis
865 3073 899 3130 ad
908 3072 1018 3132 masam
1027 3071 1294 3152 applicata,&mas·
1342 3071 1399 3131 vim
1421 3072 1512 3132 vivam
1541 3090 1602 3149 quat
1624 3087 1797 3132 cum·motu
1822 3069 1923 3131 aetati
1946 3087 2021 3129 con·

610 3091 774 3210 saviciffim,
794 3147 981 3232 uthuantitas
993 3153 1146 3282 motiisper
1159 3150 1294 3211 celerita-
1342 3147 1502 3226 junsiaest,
1523 3151 1550 3206 δι
1566 3146 1664 3207 invirn
1683 3164 1824 3206 mortuam
1835 3165 1896 3225 qua
1908 3143 1947 3206 ell
1960 3160 2026 3206 tan·

612 3221 779 3282 tetndivlsa.
808 3225 837 3282 St
847 3223 1018 3300 quantitates
1032 3240 1093 3283 mot
1112 3223 1179 3300 sQ,
1220 3226 1293 3293 ,seu
1344 3225 1537 3285 trimeonatus
1554 3223 1602 3284 seu
1618 3220 1791 3283 sollicitatio
1810 3223 1845 3282 ad
1864 3233 1975 3282 motum
1993 3226 2021 3280 bt
2099 3239 2102 3246 ·

612 3297 697 3363 MC,
719 3318 788 3364 mc,
810 3297 917 3360 fuerint
934 3297 1063 3379 aquales,
1082 3298 1138 3360 erit
1156 3245 1227 3362 Md
1256 3319 1292 3361 =
1342 3317 1377 3359 ex
1399 3298 1564 3377 quimotus
1581 3296 1695 3358 adualis
1715 3319 1772 3358 non
1806 3296 1963 3364 toduci'tur,
1979 3295 2023 3357 ni·

612 3393 686 3441 ure,
707 3379 733 3433 δι
752 3377 802 3434 M:
823 3394 850 3431 m
869 3395 904 3434 :z
926 3395 968 3433 c:
991 3375 1035 3443 C,
1056 3375 1104 3435 seu
1122 3376 1210 3435 malsae
1230 3378 1294 3438 sunt
1343 3375 1362 3434 fi
1379 3374 1419 3434 vis
1439 3390 1558 3436 morture
1572 3374 1649 3435 -aslio
1668 3319 1830 3452 aliquandiu
1845 3372 1875 3433 in
1895 3389 2022 3452 corpore
2140 3379 2143 3384 '

612 3449 762 3528 reciproce
786 3468 817 3508 ur
845 3449 1010 3510 celeritates
1019 3473 1029 3519 ;
1055 3455 1082 3508 &
1109 3449 1294 3513 viceversdli
1343 3449 1511 3510 continuata
1534 3449 1631 3511 suerit.
1682 3449 1729 3508 Sic
1754 3449 1796 3508 vis
1819 3447 1966 3527 gravitatis
1992 3447 2023 3506 in

614 3530 674 3584 M:
694 3543 721 3582 m
751 3543 787 3581 ’.τ
807 3527 904 3589 e:C‚
924 3524 979 3586 erit
999 3525 1067 3584 MC
1089 3545 1125 3585 =
1154 3546 1222 3591 mc,
1244 3527 1293 3587 seu
1343 3527 1436 3604 globo
1453 3524 1502 3603 qui
1520 3545 1556 3585 ex
1574 3523 1626 3585 lilo
1643 3523 1749 3604 pendet
1767 3525 1814 3584 vel
1835 3524 1920 3602 plano
1938 3521 2023 3585 hori·

614 3599 633 3658 fi
653 3599 739 3660 maiia
757 3597 820 3656 sunt
839 3598 868 3658 in
885 3601 997 3680 ratione
1014 3601 1203 3662 uelocitatum
1218 3601 1291 3663 reci·
1342 3599 1454 3661 zontali
1470 3599 1620 3668 incumbit,
1639 3599 1679 3659 est
1694 3598 1735 3658 tis
1747 3617 1875 3664 mortua,
1893 3600 1947 3672 quai
1959 3597 2024 3679 qui-

614 3675 722 3756 procd,
751 3673 926 3752 quantitates
954 3676 1046 3734 motis
1075 3681 1137 3736 lunt
1159 3677 1290 3754 aequales.
1343 3677 1409 3738 dem
1426 3677 1486 3736 altu
1506 3696 1565 3736 noa
1582 3693 1711 3735 movetur
1728 3677 1849 3753 globus,
1867 3675 1916 3736 sed
1932 3696 2024 3736 cona-

613 3753 756 3811 Ptaeterea
775 3767 849 3814 cum,
868 3753 950 3830 (5),
970 3749 1003 3811 lit
1018 3754 1045 3810 C
1060 3753 1099 3813 ἐ
1120 3754 1162 3811 S:
1181 3757 1216 3821 T,
1236 3751 1293 3813 etit
1343 3769 1388 3811 tur
1408 3749 1517 3810 moveri
1541 3751 1676 3828 iilumque
1696 3750 1787 3822 tendit
1803 3788 1823 3828 ,¹
1838 3767 1887 3811 aut
1910 3753 2024 3830 planum

614 3827 701 3886 etiam
721 3826 753 3900 Q
771 3843 805 3884 ..···.
831 3829 965 3892 ΜὸιΤ,
990 3829 1035 3886 seu
1047 3825 1219 3905 quantitates
1230 3849 1294 3888 mo·
1344 3826 1477 3907 premit,
1510 3827 1538 3886 Si
1558 3826 1635 3886 filum
1657 3826 1858 3906 abrumpatur,
1888 3829 1935 3887 vel
1959 3829 2037 3913 pla-·
2130 3897 2133 3904 1

615 3903 658 3963 rtis
677 3901 787 3961 suntin
809 3903 921 3962 ratione
950 3905 1106 3990 composui
1126 3921 1160 3962 ex
1181 3903 1293 3964 directis
1344 3923 1410 3962 num
1442 3901 1596 3962 sustentans
1616 3901 1779 3967 auferatur,
1804 3901 1863 3962 tunt
1886 3903 2025 3963 continui

616 3977 772 4041 rationibus
794 3977 881 4038 masa
905 3983 931 4036 &
952 3976 1035 4057 sparti
1057 3984 1083 4038 &
1098 3977 1208 4038 inversi
1223 3995 1294 4040 tem·
1331 3978 1490 4056 ,gravitatis
1508 3977 1620 4038 aeliotae
1640 3975 1739 4054 globus
1758 3993 1837 4037 motu
1858 3979 2024 4039 accelerato

637 4055 722 4122 oris,
759 4053 918 4113 invenietur
949 4052 1037 4114 etiarn
1069 4055 1137 4130 QT
1160 4073 1195 4112 ε
1216 4057 1293 4122 MS,
1344 4054 1434 4124 cadit,
1480 4053 1530 4114 Vis
1550 4053 1719 4132 quieorpus
1736 4052 2028 4134 incirculiperiphe-

617 4077 649 4189 ii
677 4151 713 4189 τ’.
741 4128 835 4204 QT:
858 4131 892 4199 S,
912 4131 981 4192 S:
1008 4131 1074 4206 QT
1098 4151 1106 4188 :
1129 4134 1179 4199 M,
1200 4134 1281 4190 T:
1345 4129 1388 4188 rii
1405 4149 1539 4193 motum,
1566 4129 1643 4188 filum
1664 4144 1765 4188 centro
1786 4129 2025 4208 alligatumten-

620 4203 754 4280 MS:Q·
1347 4204 1408 4272 dit,
1427 4212 1454 4266 ει
1473 4205 1529 4284 qui
1546 4203 1666 4284 proinde
1685 4219 1804 4265 conatur
1823 4207 1963 4269 aceutro
1981 4223 2024 4266 te·
2062 4219 2064 4224 ·

658 4281 719 4340 Pari
740 4277 882 4342 facilitate
908 4277 1091 4339 demonstrari
1109 4280 1219 4362 posunt
1239 4301 1295 4342 cte-
1346 4281 1450 4342 cedere
1471 4283 1510 4342 eil
1531 4299 1647 4358 quoque
1666 4279 1708 4339 vis
1730 4298 1853 4342 mortua.
2042 4339 2045 4350 ,
2148 4281 2157 4300 “

579 4383 582 4388 ·
621 4371 683 4416 tera
700 4355 881 4415 theoremata
894 4375 955 4432 quae
978 4355 1013 4414 de
1033 4373 1160 4414 motuum
1178 4376 1296 4437 compa·
1387 4362 1412 4415 8.
1432 4357 1507 4418 Inest
1530 4357 1609 4414 omni
1638 4355 1821 4417 materiatis
1841 4357 1923 4420 instra
1945 4357 2027 4438 palii·-

620 4429 733 4490 rrtione
748 4467 761 4515 ².
782 4431 854 4510 apud
873 4429 1025 4510 scriptores
1048 4431 1232 4494 mechanicos
1254 4433 1297 4495 su-
1348 4445 1403 4500 va,
1424 4435 1472 4494 seu
1494 4431 1619 4498 inertia,
1653 4449 1688 4492 ex
1733 4433 1767 4492 uti
1793 4436 1886 4495 nullus
1911 4451 2027 4506 motus,

620 4505 649 4565 ie*
669 4524 699 4567 re
720 4523 855 4566 erruntur.
1348 4507 1483 4588 nullaque
1513 4505 1659 4568 tendentia
1689 4455 1732 4568 ad
1749 4524 1859 4569 motum
1886 4509 2030 4577 resultat,

649 4525 718 4658 ’μς
749 4601 784 4666 J·
805 4579 858 4638 Vis
876 4579 978 4660 duplex
992 4581 1048 4650 est,
1066 4581 1157 4643 astiva
1175 4587 1200 4643 &
1220 4583 1298 4666 paffi·
1346 4579 1397 4643 sed
1445 4603 1486 4645 uae
1507 4581 1630 4645 eonfillit
1657 4581 1687 4641 in
1714 4585 1811 4646 tenixu
1836 4605 1895 4664 quo
1924 4579 2027 4675 c‘orput

619 4674 672 4734 ta,
691 4657 793 4718 nem
805 4653 845 4716 ell
858 4657 990 4736 potentia
1006 4673 1118 4720 motum
1133 4659 1277 4725 efficiendi
1284 4686 1297 4739 3
1348 4605 1524 4740 quodlibet,
1552 4657 1674 4722 cuilibet
1696 4661 1724 4722 vi
1745 4677 1870 4726 externe
1889 4679 2027 4724 mutatio-

1672 4768 1675 4774 *
1919 4749 1928 4766 ⁸
1961 4747 2028 4802 nrm
