<?xml version="1.0" encoding="UTF-8"?>
<!DOCTYPE html PUBLIC "-//W3C//DTD XHTML 1.0 Transitional//EN"
    "http://www.w3.org/TR/xhtml1/DTD/xhtml1-transitional.dtd">
<html xmlns="http://www.w3.org/1999/xhtml" xml:lang="en" lang="en">
 <head>
  <title>
</title>
<meta http-equiv="Content-Type" content="text/html;charset=utf-8" />
  <meta name='ocr-system' content='tesseract 3.04.00' />
  <meta name='ocr-capabilities' content='ocr_page ocr_carea ocr_par ocr_line ocrx_word'/>
</head>
<body>
  <div class='ocr_page' id='page_1' title='image "./philosophiaenat01maclgoog_0255.png"; bbox 0 0 4368 5648; ppageno 0'>
   <div class='ocr_carea' id='block_1_1' title="bbox 612 377 1751 480">
    <p class='ocr_par' dir='ltr' id='par_1_1' title="bbox 612 377 1751 496">
     <span class='ocr_line' id='line_1_1' title="bbox 612 377 1751 480; baseline -0.01 -2"><span class='ocrx_word' id='word_1_1' title='bbox 612 404 690 480; x_wconf 80' lang='lat'><strong>216</strong></span> <span class='ocrx_word' id='word_1_2' title='bbox 895 392 1316 475; x_wconf 78' lang='lat' dir='ltr'><strong>Purrosorrrrn</strong></span> <span class='ocrx_word' id='word_1_3' title='bbox 1360 377 1751 469; x_wconf 71' lang='lat' dir='ltr'><strong>&#39;Nurunnrrs&#39;</strong></span> 
     </span>
    </p>
   </div>
   <div class='ocr_carea' id='block_1_2' title="bbox 429 531 2109 1120">
    <p class='ocr_par' dir='ltr' id='par_1_2' title="bbox 429 531 2109 1120">
     <span class='ocr_line' id='line_1_2' title="bbox 429 531 2109 652; baseline -0.002 -28"><span class='ocrx_word' id='word_1_4' title='bbox 429 545 586 608; x_wconf 74' lang='lat' dir='ltr'><strong>Drmoru</strong></span> <span class='ocrx_word' id='word_1_5' title='bbox 668 545 711 624; x_wconf 91' lang='lat' dir='ltr'><strong>In</strong></span> <span class='ocrx_word' id='word_1_6' title='bbox 748 536 821 622; x_wconf 78' lang='lat' dir='ltr'><strong>hic</strong></span> <span class='ocrx_word' id='word_1_7' title='bbox 858 542 1143 652; x_wconf 84' lang='lat' dir='ltr'><strong>proposrtione‚</strong></span> <span class='ocrx_word' id='word_1_8' title='bbox 1191 549 1232 619; x_wconf 77' lang='grc' dir='ltr'><strong>δι</strong></span> <span class='ocrx_word' id='word_1_9' title='bbox 1263 538 1345 620; x_wconf 79' lang='lat' dir='ltr'><strong>casu</strong></span> <span class='ocrx_word' id='word_1_10' title='bbox 1379 531 1543 619; x_wconf 89' lang='lat' dir='ltr'><strong>secundo</strong></span> <span class='ocrx_word' id='word_1_11' title='bbox 1583 539 1845 648; x_wconf 85' lang='lat' dir='ltr'><strong>proposrtionis</strong></span> <span class='ocrx_word' id='word_1_12' title='bbox 1878 539 2034 650; x_wconf 85' lang='lat' dir='ltr'><strong>superio·</strong></span> <span class='ocrx_word' id='word_1_13' title='bbox 2106 611 2109 620; x_wconf 92' lang='lat'>.</span> 
     </span>
     <span class='ocr_line' id='line_1_3' title="bbox 429 623 2032 764; baseline 0 -22"><span class='ocrx_word' id='word_1_14' title='bbox 429 623 588 764; x_wconf 41' lang='grc' dir='ltr'><strong>ξξζζῖῢ</strong></span> <span class='ocrx_word' id='word_1_15' title='bbox 610 667 659 742; x_wconf 90' lang='lat' dir='ltr'><strong>ris</strong></span> <span class='ocrx_word' id='word_1_16' title='bbox 672 663 967 742; x_wconf 75' lang='lat' dir='ltr'><strong>c&#39;onstrufflones</strong></span> <span class='ocrx_word' id='word_1_17' title='bbox 988 653 1133 737; x_wconf 88' lang='lat' dir='ltr'><strong>eaedem</strong></span> <span class='ocrx_word' id='word_1_18' title='bbox 1158 654 1262 752; x_wconf 87' lang='lat' dir='ltr'><strong>sunt,</strong></span> <span class='ocrx_word' id='word_1_19' title='bbox 1292 658 1368 738; x_wconf 88' lang='lat' dir='ltr'><strong>five</strong></span> <span class='ocrx_word' id='word_1_20' title='bbox 1387 660 1489 738; x_wconf 70' lang='lat' dir='ltr'><strong>retia</strong></span> <span class='ocrx_word' id='word_1_21' title='bbox 1510 654 1553 730; x_wconf 85' lang='lat' dir='ltr'><em>X</em></span> <span class='ocrx_word' id='word_1_22' title='bbox 1557 653 1852 760; x_wconf 77' lang='lat' dir='ltr'><strong>Ytrajetronam</strong></span> <span class='ocrx_word' id='word_1_23' title='bbox 1871 648 1971 740; x_wconf 82' lang='lat' dir='ltr'><strong>secet</strong></span> <span class='ocrx_word' id='word_1_24' title='bbox 1995 670 2032 743; x_wconf 90' lang='lat' dir='ltr'><strong>in</strong></span> 
     </span>
     <span class='ocr_line' id='line_1_4' title="bbox 612 766 2030 885; baseline 0.002 -30"><span class='ocrx_word' id='word_1_25' title='bbox 612 777 657 855; x_wconf 93' lang='lat' dir='ltr'><em>X</em></span> <span class='ocrx_word' id='word_1_26' title='bbox 679 789 720 860; x_wconf 75' lang='grc' dir='ltr'><strong>δι</strong></span> <span class='ocrx_word' id='word_1_27' title='bbox 746 774 793 871; x_wconf 84' lang='lat' dir='ltr'><strong>Y,</strong></span> <span class='ocrx_word' id='word_1_28' title='bbox 824 777 899 857; x_wconf 86' lang='lat' dir='ltr'><strong>srve</strong></span> <span class='ocrx_word' id='word_1_29' title='bbox 934 803 1012 857; x_wconf 92' lang='lat' dir='ltr'><strong>non</strong></span> <span class='ocrx_word' id='word_1_30' title='bbox 1039 777 1161 862; x_wconf 84' lang='lat' dir='ltr'><strong>secet3</strong></span> <span class='ocrx_word' id='word_1_31' title='bbox 1193 804 1324 883; x_wconf 81' lang='lat' dir='ltr'><strong>eaeque</strong></span> <span class='ocrx_word' id='word_1_32' title='bbox 1354 803 1433 856; x_wconf 93' lang='lat' dir='ltr'><strong>non</strong></span> <span class='ocrx_word' id='word_1_33' title='bbox 1467 769 1636 885; x_wconf 86' lang='lat' dir='ltr'><strong>pendent</strong></span> <span class='ocrx_word' id='word_1_34' title='bbox 1669 769 1715 852; x_wconf 86' lang='lat' dir='ltr'><strong>ab</strong></span> <span class='ocrx_word' id='word_1_35' title='bbox 1740 775 1825 874; x_wconf 72' lang='lat' dir='ltr'><strong>inc</strong></span> <span class='ocrx_word' id='word_1_36' title='bbox 1860 766 2030 862; x_wconf 68' lang='lat' dir='ltr'><strong>timone.</strong></span> 
     </span>
     <span class='ocr_line' id='line_1_5' title="bbox 611 887 2033 996; baseline -0.006 -18"><span class='ocrx_word' id='word_1_37' title='bbox 611 891 688 978; x_wconf 86' lang='lat' dir='ltr'><strong>Sed</strong></span> <span class='ocrx_word' id='word_1_38' title='bbox 715 887 978 977; x_wconf 82' lang='lat' dir='ltr'><strong>demonstratis</strong></span> <span class='ocrx_word' id='word_1_39' title='bbox 1012 893 1351 974; x_wconf 71' lang='lat' dir='ltr'><strong>constructionibus</strong></span> <span class='ocrx_word' id='word_1_40' title='bbox 1380 889 1445 973; x_wconf 88' lang='lat' dir='ltr'><strong>ubi</strong></span> <span class='ocrx_word' id='word_1_41' title='bbox 1471 889 1573 975; x_wconf 68' lang='lat' dir='ltr'><strong>retii</strong></span> <span class='ocrx_word' id='word_1_42' title='bbox 1616 892 1678 971; x_wconf 84' lang='lat' dir='ltr'><strong>illa</strong></span> <span class='ocrx_word' id='word_1_43' title='bbox 1701 895 1955 996; x_wconf 67' lang='lat' dir='ltr'><strong>trajedoriam</strong></span> <span class='ocrx_word' id='word_1_44' title='bbox 1986 898 2033 978; x_wconf 86' lang='lat' dir='ltr'><strong>se.</strong></span> 
     </span>
     <span class='ocr_line' id='line_1_6' title="bbox 613 1007 2027 1120; baseline 0.003 -28"><span class='ocrx_word' id='word_1_45' title='bbox 613 1035 697 1108; x_wconf 75' lang='lat' dir='ltr'><strong>cet,</strong></span> <span class='ocrx_word' id='word_1_46' title='bbox 729 1013 969 1095; x_wconf 76' lang='lat' dir='ltr'><strong>innoteieunt</strong></span> <span class='ocrx_word' id='word_1_47' title='bbox 992 1013 1301 1105; x_wconf 72' lang='lat' dir='ltr'><strong>corrstrutiioues,</strong></span> <span class='ocrx_word' id='word_1_48' title='bbox 1334 1008 1398 1091; x_wconf 85' lang='lat' dir='ltr'><strong>ubi</strong></span> <span class='ocrx_word' id='word_1_49' title='bbox 1429 1037 1509 1092; x_wconf 92' lang='lat' dir='ltr'><strong>non</strong></span> <span class='ocrx_word' id='word_1_50' title='bbox 1540 1009 1657 1098; x_wconf 68' lang='lat' dir='ltr'><strong>secate</strong></span> <span class='ocrx_word' id='word_1_51' title='bbox 1690 1007 1810 1120; x_wconf 87' lang='lat' dir='ltr'><strong>iisque</strong></span> <span class='ocrx_word' id='word_1_52' title='bbox 1841 1014 1937 1096; x_wconf 84' lang='lat' dir='ltr'><strong>ultra</strong></span> <span class='ocrx_word' id='word_1_53' title='bbox 1966 1007 2027 1110; x_wconf 79' lang='lat' dir='ltr'><strong>de·¹</strong></span> 
     </span>
    </p>
   </div>
   <div class='ocr_carea' id='block_1_3' title="bbox 614 1127 1576 1238">
    <p class='ocr_par' dir='ltr' id='par_1_3' title="bbox 614 1127 1576 1238">
     <span class='ocr_line' id='line_1_7' title="bbox 614 1127 1576 1238; baseline -0.01 -22"><span class='ocrx_word' id='word_1_54' title='bbox 614 1127 863 1217; x_wconf 78' lang='lat' dir='ltr'><strong>monstrandis</strong></span> <span class='ocrx_word' id='word_1_55' title='bbox 894 1131 1088 1212; x_wconf 81' lang='lat' dir='ltr'><strong>brevitatis</strong></span> <span class='ocrx_word' id='word_1_56' title='bbox 1113 1131 1241 1238; x_wconf 75' lang='lat' dir='ltr'><strong>gratii&#39;</strong></span> <span class='ocrx_word' id='word_1_57' title='bbox 1262 1127 1348 1210; x_wconf 65' lang='lat' dir='ltr'><strong>&#39;non</strong></span> <span class='ocrx_word' id='word_1_58' title='bbox 1378 1135 1576 1212; x_wconf 85' lang='lat' dir='ltr'><strong>immoror.</strong></span> 
     </span>
    </p>
   </div>
   <div class='ocr_carea' id='block_1_4' title="bbox 1072 1421 1588 1508">
    <p class='ocr_par' dir='ltr' id='par_1_4' title="bbox 1072 1421 1588 1508">
     <span class='ocr_line' id='line_1_8' title="bbox 1072 1421 1588 1508; baseline -0.012 -2"><span class='ocrx_word' id='word_1_59' title='bbox 1072 1421 1385 1508; x_wconf 87' lang='lat' dir='ltr'>LEMMA</span> <span class='ocrx_word' id='word_1_60' title='bbox 1443 1423 1588 1508; x_wconf 84' lang='lat' dir='ltr'><strong>XXII.</strong></span> 
     </span>
    </p>
   </div>
   <div class='ocr_carea' id='block_1_5' title="bbox 685 1685 1849 1807">
    <p class='ocr_par' dir='ltr' id='par_1_5' title="bbox 685 1685 1849 1807">
     <span class='ocr_line' id='line_1_9' title="bbox 685 1685 1849 1807; baseline 0.005 -33"><span class='ocrx_word' id='word_1_61' title='bbox 685 1785 686 1790; x_wconf 8' lang='grc' dir='ltr'><strong><em>Ν</em></strong></span> <span class='ocrx_word' id='word_1_62' title='bbox 814 1697 969 1807; x_wconf 81' lang='lat' dir='ltr'><strong>Figuras</strong></span> <span class='ocrx_word' id='word_1_63' title='bbox 992 1696 1031 1772; x_wconf 83' lang='lat' dir='ltr'><strong>in</strong></span> <span class='ocrx_word' id='word_1_64' title='bbox 1055 1690 1157 1780; x_wconf 66' lang='lat' dir='ltr'><strong>alias,</strong></span> <span class='ocrx_word' id='word_1_65' title='bbox 1185 1685 1342 1804; x_wconf 78' lang='lat' dir='ltr'><strong>ejusdem</strong></span> <span class='ocrx_word' id='word_1_66' title='bbox 1361 1694 1503 1804; x_wconf 81' lang='lat' dir='ltr'><strong>generis</strong></span> <span class='ocrx_word' id='word_1_67' title='bbox 1515 1685 1658 1806; x_wconf 82' lang='lat' dir='ltr'><strong>figuras</strong></span> <span class='ocrx_word' id='word_1_68' title='bbox 1691 1715 1849 1781; x_wconf 64' lang='lat' dir='ltr'><strong>mutarn</strong></span> 
     </span>
    </p>
   </div>
   <div class='ocr_carea' id='block_1_6' title="bbox 556 1957 2031 4688">
    <p class='ocr_par' dir='ltr' id='par_1_6' title="bbox 556 1957 2031 4688">
     <span class='ocr_line' id='line_1_10' title="bbox 556 1957 2030 2075; baseline -0.002 -24"><span class='ocrx_word' id='word_1_69' title='bbox 556 2009 562 2025; x_wconf 41' lang='lat' dir='ltr'>x</span> <span class='ocrx_word' id='word_1_70' title='bbox 673 1961 978 2051; x_wconf 80' lang='lat' dir='ltr'><strong>Transmutanda</strong></span> <span class='ocrx_word' id='word_1_71' title='bbox 999 1965 1044 2047; x_wconf 88' lang='lat' dir='ltr'><strong>fit</strong></span> <span class='ocrx_word' id='word_1_72' title='bbox 1071 1965 1190 2069; x_wconf 83' lang='lat' dir='ltr'><strong>figura</strong></span> <span class='ocrx_word' id='word_1_73' title='bbox 1222 1957 1364 2071; x_wconf 83' lang='lat' dir='ltr'><strong>quaevis</strong></span> <span class='ocrx_word' id='word_1_74' title='bbox 1390 1963 1479 2045; x_wconf 90' lang='lat' dir='ltr'><strong>HG</strong></span> <span class='ocrx_word' id='word_1_75' title='bbox 1489 1961 1518 2047; x_wconf 88' lang='grc' dir='ltr'><strong>Ι.</strong></span> <span class='ocrx_word' id='word_1_76' title='bbox 1578 1965 1781 2048; x_wconf 77' lang='lat' dir='ltr'><strong>Ducuntur</strong></span> <span class='ocrx_word' id='word_1_77' title='bbox 1815 1994 1884 2075; x_wconf 92' lang='lat' dir='ltr'><strong>pro</strong></span> <span class='ocrx_word' id='word_1_78' title='bbox 1913 1966 2030 2048; x_wconf 86' lang='lat' dir='ltr'><strong>lubitu</strong></span> 
     </span>
     <span class='ocr_line' id='line_1_11' title="bbox 612 2077 2030 2195; baseline -0.001 -29"><span class='ocrx_word' id='word_1_79' title='bbox 612 2087 722 2168; x_wconf 70' lang='lat' dir='ltr'><strong>restae</strong></span> <span class='ocrx_word' id='word_1_80' title='bbox 753 2080 835 2166; x_wconf 86' lang='lat' dir='ltr'><strong>duae</strong></span> <span class='ocrx_word' id='word_1_81' title='bbox 866 2084 1050 2195; x_wconf 78' lang='lat' dir='ltr'><strong>parallelae</strong></span> <span class='ocrx_word' id='word_1_82' title='bbox 1077 2077 1181 2174; x_wconf 88' lang='lat' dir='ltr'><strong>AO,</strong></span> <span class='ocrx_word' id='word_1_83' title='bbox 1213 2077 1246 2156; x_wconf 89' lang='lat' dir='ltr'><em>B</em></span> <span class='ocrx_word' id='word_1_84' title='bbox 1261 2077 1293 2156; x_wconf 91' lang='lat' dir='ltr'><em>L</em></span> <span class='ocrx_word' id='word_1_85' title='bbox 1324 2090 1477 2166; x_wconf 82' lang='lat' dir='ltr'><strong>tertiam</strong></span> <span class='ocrx_word' id='word_1_86' title='bbox 1501 2089 1675 2192; x_wconf 83' lang='lat' dir='ltr'><strong>quamvis</strong></span> <span class='ocrx_word' id='word_1_87' title='bbox 1695 2085 1881 2193; x_wconf 89' lang='lat' dir='ltr'><strong>pofitione</strong></span> <span class='ocrx_word' id='word_1_88' title='bbox 1906 2080 2030 2167; x_wconf 82' lang='lat' dir='ltr'><strong>datam</strong></span> 
     </span>
     <span class='ocr_line' id='line_1_12' title="bbox 613 2195 2030 2310; baseline -0.001 -28"><span class='ocrx_word' id='word_1_89' title='bbox 613 2200 705 2282; x_wconf 88' lang='lat' dir='ltr'><strong>AB</strong></span> <span class='ocrx_word' id='word_1_90' title='bbox 734 2201 900 2284; x_wconf 83' lang='lat' dir='ltr'>secantes</span> <span class='ocrx_word' id='word_1_91' title='bbox 929 2209 969 2282; x_wconf 94' lang='lat' dir='ltr'><strong>in</strong></span> <span class='ocrx_word' id='word_1_92' title='bbox 996 2195 1040 2276; x_wconf 88' lang='lat' dir='ltr'><em>A</em></span> <span class='ocrx_word' id='word_1_93' title='bbox 1055 2200 1162 2292; x_wconf 83' lang='lat' dir='ltr'><strong>&amp;B,</strong></span> <span class='ocrx_word' id='word_1_94' title='bbox 1194 2206 1279 2279; x_wconf 88' lang='lat' dir='ltr'><strong>&amp;a</strong></span> <span class='ocrx_word' id='word_1_95' title='bbox 1302 2201 1594 2310; x_wconf 71' lang='lat' dir='ltr'><strong>figuraepundto</strong></span> <span class='ocrx_word' id='word_1_96' title='bbox 1617 2208 1753 2310; x_wconf 89' lang='lat' dir='ltr'><strong>quovis</strong></span> <span class='ocrx_word' id='word_1_97' title='bbox 1784 2201 1841 2299; x_wconf 84' lang='lat' dir='ltr'><strong>G,</strong></span> <span class='ocrx_word' id='word_1_98' title='bbox 1873 2197 1923 2284; x_wconf 87' lang='lat' dir='ltr'><strong>ad</strong></span> <span class='ocrx_word' id='word_1_99' title='bbox 1954 2229 2030 2282; x_wconf 89' lang='lat' dir='ltr'><strong>ree·</strong></span> 
     </span>
     <span class='ocr_line' id='line_1_13' title="bbox 611 2313 2030 2429; baseline -0.005 -25"><span class='ocrx_word' id='word_1_100' title='bbox 611 2345 693 2404; x_wconf 88' lang='lat' dir='ltr'><strong>tam</strong></span> <span class='ocrx_word' id='word_1_101' title='bbox 729 2315 824 2398; x_wconf 88' lang='lat' dir='ltr'><strong>AB</strong></span> <span class='ocrx_word' id='word_1_102' title='bbox 855 2313 1016 2402; x_wconf 82' lang='lat' dir='ltr'><strong>ducatur</strong></span> <span class='ocrx_word' id='word_1_103' title='bbox 1055 2313 1208 2429; x_wconf 80' lang='lat' dir='ltr'><strong>quaevis&#39;</strong></span> <span class='ocrx_word' id='word_1_104' title='bbox 1238 2314 1367 2414; x_wconf 90' lang='lat' dir='ltr'><strong>GD,</strong></span> <span class='ocrx_word' id='word_1_105' title='bbox 1410 2321 1475 2426; x_wconf 89' lang='lat' dir='ltr'><strong>ipfi</strong></span> <span class='ocrx_word' id='word_1_106' title='bbox 1507 2316 1603 2398; x_wconf 85' lang='lat' dir='ltr'><strong>OA</strong></span> <span class='ocrx_word' id='word_1_107' title='bbox 1632 2321 1818 2427; x_wconf 81' lang='lat' dir='ltr'><strong>parallela.</strong></span> <span class='ocrx_word' id='word_1_108' title='bbox 1879 2313 2030 2402; x_wconf 84' lang='lat' dir='ltr'><strong>Deinde</strong></span> 
     </span>
     <span class='ocr_line' id='line_1_14' title="bbox 610 2429 2031 2549; baseline -0.004 -29"><span class='ocrx_word' id='word_1_109' title='bbox 610 2439 795 2549; x_wconf 71' lang='lat' dir='ltr'><strong>{rpuneio</strong></span> <span class='ocrx_word' id='word_1_110' title='bbox 819 2439 951 2546; x_wconf 55' lang='lat' dir='ltr'><strong>,aliquo</strong></span> <span class='ocrx_word' id='word_1_111' title='bbox 981 2434 1044 2533; x_wconf 87' lang='grc'><strong>0,·</strong></span> <span class='ocrx_word' id='word_1_112' title='bbox 1069 2443 1111 2518; x_wconf 91' lang='lat' dir='ltr'><strong>in</strong></span> <span class='ocrx_word' id='word_1_113' title='bbox 1133 2438 1233 2520; x_wconf 81' lang='lat' dir='ltr'><strong>linea</strong></span> <span class='ocrx_word' id='word_1_114' title='bbox 1267 2431 1353 2513; x_wconf 82' lang='grc' dir='ltr'><strong>ΟΛ</strong></span> <span class='ocrx_word' id='word_1_115' title='bbox 1382 2429 1497 2533; x_wconf 68' lang='lat' dir='ltr'><strong>dato,</strong></span> <span class='ocrx_word' id='word_1_116' title='bbox 1527 2431 1576 2518; x_wconf 87' lang='lat' dir='ltr'><strong>ad</strong></span> <span class='ocrx_word' id='word_1_117' title='bbox 1602 2440 1786 2546; x_wconf 69' lang='lat' dir='ltr'><strong>puntium</strong></span> <span class='ocrx_word' id='word_1_118' title='bbox 1809 2440 1853 2525; x_wconf 88' lang='lat' dir='ltr'><em>D</em></span> <span class='ocrx_word' id='word_1_119' title='bbox 1876 2433 2031 2520; x_wconf 87' lang='lat' dir='ltr'><strong>ducatur</strong></span> 
     </span>
     <span class='ocr_line' id='line_1_15' title="bbox 610 2552 1124 2665; baseline -0.004 -27"><span class='ocrx_word' id='word_1_120' title='bbox 610 2560 713 2640; x_wconf 68' lang='lat' dir='ltr'><strong>tedia</strong></span> <span class='ocrx_word' id='word_1_121' title='bbox 736 2554 847 2651; x_wconf 87' lang='lat' dir='ltr'><strong>OD,</strong></span> <span class='ocrx_word' id='word_1_122' title='bbox 878 2557 945 2665; x_wconf 87' lang='lat' dir='ltr'><strong>ipst</strong></span> <span class='ocrx_word' id='word_1_123' title='bbox 963 2553 995 2633; x_wconf 89' lang='lat' dir='ltr'><em>B</em></span> <span class='ocrx_word' id='word_1_124' title='bbox 1007 2552 1041 2631; x_wconf 88' lang='lat' dir='ltr'><em>L</em></span> <span class='ocrx_word' id='word_1_125' title='bbox 1059 2582 1124 2636; x_wconf 90' lang='lat' dir='ltr'><strong>oe·</strong></span> 
     </span>
     <span class='ocr_line' id='line_1_16' title="bbox 611 2666 1121 2783; baseline 0 -29"><span class='ocrx_word' id='word_1_126' title='bbox 611 2679 824 2755; x_wconf 72' lang='lat' dir='ltr'><strong>eumenem</strong></span> <span class='ocrx_word' id='word_1_127' title='bbox 844 2666 881 2768; x_wconf 87' lang='lat' dir='ltr'><strong>d,</strong></span> <span class='ocrx_word' id='word_1_128' title='bbox 912 2685 952 2754; x_wconf 77' lang='grc' dir='ltr'><strong>δι</strong></span> <span class='ocrx_word' id='word_1_129' title='bbox 968 2675 989 2756; x_wconf 71' lang='lat' dir='ltr'><strong>ir</strong></span> <span class='ocrx_word' id='word_1_130' title='bbox 1004 2681 1121 2783; x_wconf 84' lang='lat' dir='ltr'><strong>punc·</strong></span> 
     </span>
     <span class='ocr_line' id='line_1_17' title="bbox 611 2788 1121 2898; baseline -0.002 -27"><span class='ocrx_word' id='word_1_131' title='bbox 611 2812 654 2871; x_wconf 93' lang='lat' dir='ltr'><strong>to</strong></span> <span class='ocrx_word' id='word_1_132' title='bbox 671 2788 848 2872; x_wconf 85' lang='lat' dir='ltr'><strong>occursus</strong></span> <span class='ocrx_word' id='word_1_133' title='bbox 865 2796 1028 2898; x_wconf 83' lang='lat' dir='ltr'><strong>erigatur</strong></span> <span class='ocrx_word' id='word_1_134' title='bbox 1040 2819 1121 2871; x_wconf 88' lang='lat' dir='ltr'><strong>tec-</strong></span> 
     </span>
     <span class='ocr_line' id='line_1_18' title="bbox 611 2901 1121 3018; baseline -0.004 -28"><span class='ocrx_word' id='word_1_135' title='bbox 611 2931 652 2990; x_wconf 86' lang='lat' dir='ltr'><strong>ta</strong></span> <span class='ocrx_word' id='word_1_136' title='bbox 685 2905 712 2984; x_wconf 88' lang='lat' dir='ltr'><strong>d</strong></span> <span class='ocrx_word' id='word_1_137' title='bbox 718 2935 748 3014; x_wconf 79' lang='lat' dir='ltr'><em>g</em></span> <span class='ocrx_word' id='word_1_138' title='bbox 778 2901 911 2989; x_wconf 88' lang='lat' dir='ltr'><strong>datum</strong></span> <span class='ocrx_word' id='word_1_139' title='bbox 947 2915 1121 3018; x_wconf 84' lang='lat' dir='ltr'><strong>quemvis</strong></span> 
     </span>
     <span class='ocr_line' id='line_1_19' title="bbox 611 3023 1120 3138; baseline -0.008 -32"><span class='ocrx_word' id='word_1_140' title='bbox 611 3026 793 3133; x_wconf 83' lang='lat' dir='ltr'><strong>angulum</strong></span> <span class='ocrx_word' id='word_1_141' title='bbox 811 3052 901 3107; x_wconf 91' lang='lat' dir='ltr'><strong>cum</strong></span> <span class='ocrx_word' id='word_1_142' title='bbox 923 3023 1120 3138; x_wconf 18' lang='lat' dir='ltr'><strong>rediitdL</strong></span> 
     </span>
     <span class='ocr_line' id='line_1_20' title="bbox 611 3150 1119 3250; baseline 0.004 -28"><span class='ocrx_word' id='word_1_143' title='bbox 611 3150 841 3242; x_wconf 83' lang='lat' dir='ltr'><strong>continens,</strong></span> <span class='ocrx_word' id='word_1_144' title='bbox 880 3166 997 3250; x_wconf 85' lang='lat' dir='ltr'><strong>atque</strong></span> <span class='ocrx_word' id='word_1_145' title='bbox 1033 3171 1119 3224; x_wconf 86' lang='lat' dir='ltr'><strong>eam</strong></span> 
     </span>
     <span class='ocr_line' id='line_1_21' title="bbox 608 3258 1123 3343; baseline -0.002 -4"><span class='ocrx_word' id='word_1_146' title='bbox 608 3258 752 3342; x_wconf 86' lang='lat' dir='ltr'><strong>habens</strong></span> <span class='ocrx_word' id='word_1_147' title='bbox 772 3269 960 3343; x_wconf 88' lang='lat' dir='ltr'><strong>rationem</strong></span> <span class='ocrx_word' id='word_1_148' title='bbox 989 3258 1038 3342; x_wconf 91' lang='lat' dir='ltr'><strong>ad</strong></span> <span class='ocrx_word' id='word_1_149' title='bbox 1064 3258 1123 3338; x_wconf 83' lang='lat' dir='ltr'><strong>Od</strong></span> 
     </span>
     <span class='ocr_line' id='line_1_22' title="bbox 609 3368 1121 3484; baseline 0.004 -28"><span class='ocrx_word' id='word_1_150' title='bbox 609 3368 728 3484; x_wconf 80' lang='lat' dir='ltr'><strong>quam</strong></span> <span class='ocrx_word' id='word_1_151' title='bbox 764 3377 882 3460; x_wconf 87' lang='lat' dir='ltr'><strong>habet</strong></span> <span class='ocrx_word' id='word_1_152' title='bbox 930 3377 1033 3456; x_wconf 88' lang='lat' dir='ltr'><strong>DG</strong></span> <span class='ocrx_word' id='word_1_153' title='bbox 1072 3373 1121 3458; x_wconf 89' lang='lat' dir='ltr'><strong>ad</strong></span> 
     </span>
     <span class='ocr_line' id='line_1_23' title="bbox 611 3492 1121 3604; baseline 0.01 -35"><span class='ocrx_word' id='word_1_154' title='bbox 611 3492 738 3585; x_wconf 70' lang='grc' dir='ltr'><strong>Οὓς</strong></span> <span class='ocrx_word' id='word_1_155' title='bbox 770 3505 810 3575; x_wconf 84' lang='lat'>&amp;</span> <span class='ocrx_word' id='word_1_156' title='bbox 842 3502 967 3602; x_wconf 85' lang='lat' dir='ltr'><strong>eritg</strong></span> <span class='ocrx_word' id='word_1_157' title='bbox 1004 3523 1121 3604; x_wconf 88' lang='lat' dir='ltr'><strong>punc.</strong></span> 
     </span>
     <span class='ocr_line' id='line_1_24' title="bbox 607 3609 1123 3722; baseline 0 -31"><span class='ocrx_word' id='word_1_158' title='bbox 607 3629 691 3691; x_wconf 88' lang='lat' dir='ltr'><strong>tum</strong></span> <span class='ocrx_word' id='word_1_159' title='bbox 713 3617 752 3690; x_wconf 92' lang='lat' dir='ltr'><strong>in</strong></span> <span class='ocrx_word' id='word_1_160' title='bbox 776 3611 895 3721; x_wconf 76' lang='lat' dir='ltr'><strong>figuti</strong></span> <span class='ocrx_word' id='word_1_161' title='bbox 913 3613 1015 3692; x_wconf 77' lang='lat' dir='ltr'><strong>novi</strong></span> <span class='ocrx_word' id='word_1_162' title='bbox 1033 3609 1055 3688; x_wconf 76' lang='lat' dir='ltr'><strong>ir</strong></span> <span class='ocrx_word' id='word_1_163' title='bbox 1065 3617 1123 3722; x_wconf 85' lang='lat' dir='ltr'><strong>gi</strong></span> 
     </span>
     <span class='ocr_line' id='line_1_25' title="bbox 605 3725 1119 3840; baseline 0.009 -32"><span class='ocrx_word' id='word_1_164' title='bbox 605 3731 749 3836; x_wconf 71' lang='lat' dir='ltr'><strong>pundo</strong></span> <span class='ocrx_word' id='word_1_165' title='bbox 794 3729 832 3808; x_wconf 91' lang='lat' dir='ltr'><em>G</em></span> <span class='ocrx_word' id='word_1_166' title='bbox 879 3725 1119 3840; x_wconf 88' lang='lat' dir='ltr'><strong>respondens.</strong></span> 
     </span>
     <span class='ocr_line' id='line_1_26' title="bbox 605 3841 2015 3994; baseline 0.004 -65"><span class='ocrx_word' id='word_1_167' title='bbox 605 3841 751 3929; x_wconf 74' lang='lat' dir='ltr'><strong>Eidem</strong></span> <span class='ocrx_word' id='word_1_168' title='bbox 790 3855 940 3930; x_wconf 86' lang='lat' dir='ltr'><strong>ratione</strong></span> <span class='ocrx_word' id='word_1_169' title='bbox 984 3852 1121 3958; x_wconf 72' lang='lat' dir='ltr'><strong>poncia</strong></span> <span class='ocrx_word' id='word_1_170' title='bbox 1188 3902 1223 3974; x_wconf 74' lang='grc' dir='ltr'><strong>Α</strong></span> <span class='ocrx_word' id='word_1_171' title='bbox 1608 3909 1639 3978; x_wconf 77' lang='lat' dir='ltr'><strong>B</strong></span> <span class='ocrx_word' id='word_1_172' title='bbox 1757 3849 1795 3978; x_wconf 78' lang='lat' dir='ltr'><strong>&#39;D</strong></span> <span class='ocrx_word' id='word_1_173' title='bbox 1975 3920 2015 3994; x_wconf 27' lang='grc' dir='ltr'><strong>Ι,</strong></span> 
     </span>
     <span class='ocr_line' id='line_1_27' title="bbox 602 3963 1594 4074; baseline 0.01 -32"><span class='ocrx_word' id='word_1_174' title='bbox 602 3963 746 4072; x_wconf 85' lang='lat' dir='ltr'><strong>finguIa</strong></span> <span class='ocrx_word' id='word_1_175' title='bbox 764 3965 893 4074; x_wconf 76' lang='lat' dir='ltr'><strong>figurae</strong></span> <span class='ocrx_word' id='word_1_176' title='bbox 910 3975 1040 4073; x_wconf 83' lang='lat' dir='ltr'><strong>primae</strong></span> <span class='ocrx_word' id='word_1_177' title='bbox 1056 3963 1122 4047; x_wconf 84' lang='lat' dir='ltr'><strong>da·</strong></span> <span class='ocrx_word' id='word_1_178' title='bbox 1585 4052 1594 4061; x_wconf 85' lang='grc'><strong>,</strong></span> 
     </span>
     <span class='ocr_line' id='line_1_28' title="bbox 605 4078 2028 4213; baseline 0.019 -53"><span class='ocrx_word' id='word_1_179' title='bbox 605 4078 702 4161; x_wconf 91' lang='lat' dir='ltr'><strong>bunt</strong></span> <span class='ocrx_word' id='word_1_180' title='bbox 725 4086 864 4190; x_wconf 72' lang='lat' dir='ltr'><strong>puneia</strong></span> <span class='ocrx_word' id='word_1_181' title='bbox 894 4078 1056 4164; x_wconf 88' lang='lat' dir='ltr'><strong>totidem</strong></span> <span class='ocrx_word' id='word_1_182' title='bbox 1088 4087 1216 4193; x_wconf 85' lang='lat' dir='ltr'><strong>figurae</strong></span> <span class='ocrx_word' id='word_1_183' title='bbox 1245 4115 1368 4194; x_wconf 61' lang='lat' dir='ltr'><strong>novae,</strong></span> <span class='ocrx_word' id='word_1_184' title='bbox 1431 4091 1607 4205; x_wconf 87' lang='lat' dir='ltr'><strong>Concipe</strong></span> <span class='ocrx_word' id='word_1_185' title='bbox 1631 4102 1745 4210; x_wconf 86' lang='lat' dir='ltr'><strong>igitur</strong></span> <span class='ocrx_word' id='word_1_186' title='bbox 1776 4105 1962 4213; x_wconf 72' lang='lat' dir='ltr'><strong>pundium</strong></span> <span class='ocrx_word' id='word_1_187' title='bbox 1996 4105 2028 4186; x_wconf 88' lang='lat' dir='ltr'><strong><em>G</em></strong></span> 
     </span>
     <span class='ocr_line' id='line_1_29' title="bbox 603 4206 2026 4334; baseline 0.02 -56"><span class='ocrx_word' id='word_1_188' title='bbox 603 4220 715 4284; x_wconf 87' lang='lat' dir='ltr'><strong>motu</strong></span> <span class='ocrx_word' id='word_1_189' title='bbox 736 4206 923 4280; x_wconf 90' lang='lat' dir='ltr'><strong>continuo</strong></span> <span class='ocrx_word' id='word_1_190' title='bbox 951 4229 1169 4309; x_wconf 86' lang='lat' dir='ltr'><strong>percurrere</strong></span> <span class='ocrx_word' id='word_1_191' title='bbox 1192 4210 1332 4312; x_wconf 69' lang='lat' dir='ltr'><strong>puncta</strong></span> <span class='ocrx_word' id='word_1_192' title='bbox 1348 4218 1481 4292; x_wconf 81' lang='lat' dir='ltr'><strong>omnia</strong></span> <span class='ocrx_word' id='word_1_193' title='bbox 1508 4216 1637 4324; x_wconf 85' lang='lat' dir='ltr'><strong>figurae</strong></span> <span class='ocrx_word' id='word_1_194' title='bbox 1670 4229 1804 4328; x_wconf 85' lang='lat' dir='ltr'><strong>primae</strong></span> <span class='ocrx_word' id='word_1_195' title='bbox 1818 4235 1902 4321; x_wconf 70' lang='lat' dir='ltr'><strong>s&amp;</strong></span> <span class='ocrx_word' id='word_1_196' title='bbox 1914 4251 2026 4334; x_wconf 87' lang='lat' dir='ltr'><strong>punc·</strong></span> 
     </span>
     <span class='ocr_line' id='line_1_30' title="bbox 603 4311 2027 4452; baseline 0.018 -56"><span class='ocrx_word' id='word_1_197' title='bbox 603 4334 688 4396; x_wconf 89' lang='lat' dir='ltr'><strong>tum</strong></span> <span class='ocrx_word' id='word_1_198' title='bbox 708 4343 737 4424; x_wconf 85' lang='lat' dir='ltr'><em>g</em></span> <span class='ocrx_word' id='word_1_199' title='bbox 761 4339 871 4399; x_wconf 91' lang='lat' dir='ltr'><strong>motu</strong></span> <span class='ocrx_word' id='word_1_200' title='bbox 896 4311 1031 4400; x_wconf 90' lang='lat' dir='ltr'><strong>itidem</strong></span> <span class='ocrx_word' id='word_1_201' title='bbox 1056 4329 1245 4404; x_wconf 90' lang='lat' dir='ltr'><strong>continuo</strong></span> <span class='ocrx_word' id='word_1_202' title='bbox 1273 4351 1469 4432; x_wconf 88' lang='lat' dir='ltr'><strong>percurret</strong></span> <span class='ocrx_word' id='word_1_203' title='bbox 1495 4337 1633 4441; x_wconf 75' lang='lat' dir='ltr'><strong>puntia</strong></span> <span class='ocrx_word' id='word_1_204' title='bbox 1662 4346 1792 4422; x_wconf 86' lang='lat' dir='ltr'><strong>omnia</strong></span> <span class='ocrx_word' id='word_1_205' title='bbox 1819 4343 1949 4452; x_wconf 82' lang='lat' dir='ltr'><strong>figurae</strong></span> <span class='ocrx_word' id='word_1_206' title='bbox 1965 4369 2027 4424; x_wconf 87' lang='lat' dir='ltr'><strong>no-</strong></span> 
     </span>
     <span class='ocr_line' id='line_1_31' title="bbox 603 4431 2027 4558; baseline 0.019 -47"><span class='ocrx_word' id='word_1_207' title='bbox 603 4459 659 4512; x_wconf 83' lang='lat' dir='ltr'><strong>vae</strong></span> <span class='ocrx_word' id='word_1_208' title='bbox 687 4432 911 4515; x_wconf 87' lang='lat' dir='ltr'><strong>&amp;eandem</strong></span> <span class='ocrx_word' id='word_1_209' title='bbox 940 4431 1136 4520; x_wconf 86' lang='lat' dir='ltr'><strong>describet.</strong></span> <span class='ocrx_word' id='word_1_210' title='bbox 1198 4443 1461 4528; x_wconf 72' lang='lat' dir='ltr'><strong>Distineiionis</strong></span> <span class='ocrx_word' id='word_1_211' title='bbox 1492 4449 1611 4558; x_wconf 74' lang='lat' dir='ltr'><strong>gratii</strong></span> <span class='ocrx_word' id='word_1_212' title='bbox 1653 4465 1898 4541; x_wconf 86' lang='lat' dir='ltr'><strong>nominemus</strong></span> <span class='ocrx_word' id='word_1_213' title='bbox 1936 4459 2027 4540; x_wconf 86' lang='lat' dir='ltr'><strong>DG</strong></span> 
     </span>
     <span class='ocr_line' id='line_1_32' title="bbox 601 4543 2028 4688; baseline 0.02 -58"><span class='ocrx_word' id='word_1_214' title='bbox 601 4543 819 4634; x_wconf 81' lang='lat' dir='ltr'><strong>ordinatam</strong></span> <span class='ocrx_word' id='word_1_215' title='bbox 851 4562 1038 4661; x_wconf 83' lang='lat' dir='ltr'><strong>primam,</strong></span> <span class='ocrx_word' id='word_1_216' title='bbox 1070 4551 1127 4668; x_wconf 86' lang='lat' dir='ltr'><strong>dg</strong></span> <span class='ocrx_word' id='word_1_217' title='bbox 1165 4555 1384 4647; x_wconf 85' lang='lat' dir='ltr'><strong>ordinatam</strong></span> <span class='ocrx_word' id='word_1_218' title='bbox 1404 4593 1570 4657; x_wconf 74' lang='lat' dir='ltr'><strong>novamr</strong></span> <span class='ocrx_word' id='word_1_219' title='bbox 1603 4565 1704 4650; x_wconf 88' lang='lat' dir='ltr'><strong>AD</strong></span> <span class='ocrx_word' id='word_1_220' title='bbox 1738 4571 1929 4660; x_wconf 81' lang='lat' dir='ltr'><strong>abseiffam</strong></span> <span class='ocrx_word' id='word_1_221' title='bbox 1958 4587 2028 4688; x_wconf 85' lang='lat' dir='ltr'><strong>pri·</strong></span> 
     </span>
    </p>
   </div>
   <div class='ocr_carea' id='block_1_7' title="bbox 1902 4723 2029 4794">
    <p class='ocr_par' dir='ltr' id='par_1_7' title="bbox 1902 4723 2029 4794">
     <span class='ocr_line' id='line_1_33' title="bbox 1902 4723 2029 4794; baseline -0.016 -13"><span class='ocrx_word' id='word_1_222' title='bbox 1902 4723 2029 4794; x_wconf 81' lang='lat' dir='ltr'><strong>marn,</strong></span> 
     </span>
    </p>
   </div>
   <div class='ocr_carea' id='block_1_8' title="bbox 0 0 2188 5648">
    <p class='ocr_par' dir='ltr' id='par_1_8' title="bbox 0 0 2188 5648">
     <span class='ocr_line' id='line_1_34' title="bbox 0 0 2188 5648; baseline 0 5"><span class='ocrx_word' id='word_1_223' title='bbox 0 0 2188 5648; x_wconf 95' lang='lat' dir='ltr'><strong> </strong></span> 
     </span>
    </p>
   </div>
  </div>
 </body>
</html>
