<?xml version="1.0" encoding="UTF-8"?>
<!DOCTYPE html PUBLIC "-//W3C//DTD XHTML 1.0 Transitional//EN"
    "http://www.w3.org/TR/xhtml1/DTD/xhtml1-transitional.dtd">
<html xmlns="http://www.w3.org/1999/xhtml" xml:lang="en" lang="en">
 <head>
  <title>
</title>
<meta http-equiv="Content-Type" content="text/html;charset=utf-8" />
  <meta name='ocr-system' content='tesseract 3.04.00' />
  <meta name='ocr-capabilities' content='ocr_page ocr_carea ocr_par ocr_line ocrx_word'/>
</head>
<body>
  <div class='ocr_page' id='page_1' title='image "./philosophiaenat01maclgoog_0025.png"; bbox 0 0 4502 5662; ppageno 0'>
   <div class='ocr_carea' id='block_1_1' title="bbox 492 319 1479 432">
    <p class='ocr_par' dir='ltr' id='par_1_1' title="bbox 492 319 1479 432">
     <span class='ocr_line' id='line_1_1' title="bbox 492 319 1479 432; baseline -0.011 -13"><span class='ocrx_word' id='word_1_1' title='bbox 492 358 629 421; x_wconf 72' lang='lat' dir='ltr'>xmr</span> <span class='ocrx_word' id='word_1_2' title='bbox 1006 319 1479 432; x_wconf 73' lang='lat' dir='ltr'>EDITQRJs</span> 
     </span>
    </p>
   </div>
   <div class='ocr_carea' id='block_1_2' title="bbox 492 465 2103 4127">
    <p class='ocr_par' dir='ltr' id='par_1_2' title="bbox 492 465 2103 1158">
     <span class='ocr_line' id='line_1_2' title="bbox 492 465 1992 594; baseline -0.011 -32"><span class='ocrx_word' id='word_1_3' title='bbox 492 480 672 594; x_wconf 82' lang='lat' dir='ltr'>gulosum</span> <span class='ocrx_word' id='word_1_4' title='bbox 687 499 780 584; x_wconf 87' lang='lat' dir='ltr'>ergo</span> <span class='ocrx_word' id='word_1_5' title='bbox 797 471 1006 580; x_wconf 70' lang='lat' dir='ltr'>particulae,</span> <span class='ocrx_word' id='word_1_6' title='bbox 1033 497 1195 577; x_wconf 79' lang='lat' dir='ltr'>quaeque</span> <span class='ocrx_word' id='word_1_7' title='bbox 1218 473 1400 566; x_wconf 81' lang='lat' dir='ltr'>minimae,</span> <span class='ocrx_word' id='word_1_8' title='bbox 1429 477 1526 550; x_wconf 91' lang='lat' dir='ltr'>vires</span> <span class='ocrx_word' id='word_1_9' title='bbox 1545 465 1624 549; x_wconf 85' lang='lat' dir='ltr'>snas</span> <span class='ocrx_word' id='word_1_10' title='bbox 1639 472 1852 554; x_wconf 62' lang='lat' dir='ltr'>attractivas</span> <span class='ocrx_word' id='word_1_11' title='bbox 1875 465 1992 552; x_wconf 86' lang='lat' dir='ltr'>habe·</span> 
     </span>
     <span class='ocr_line' id='line_1_3' title="bbox 495 582 1988 701; baseline -0.009 -25"><span class='ocrx_word' id='word_1_12' title='bbox 495 599 612 682; x_wconf 79' lang='lat' dir='ltr'>bunt,</span> <span class='ocrx_word' id='word_1_13' title='bbox 646 618 717 701; x_wconf 93' lang='lat' dir='ltr'>pro</span> <span class='ocrx_word' id='word_1_14' title='bbox 748 597 959 697; x_wconf 88' lang='lat' dir='ltr'>quantitate</span> <span class='ocrx_word' id='word_1_15' title='bbox 988 595 1156 669; x_wconf 85' lang='lat' dir='ltr'>rnateriae</span> <span class='ocrx_word' id='word_1_16' title='bbox 1189 588 1399 695; x_wconf 65' lang='lat' dir='ltr'>pollentes,</span> <span class='ocrx_word' id='word_1_17' title='bbox 1431 585 1763 695; x_wconf 80' lang='lat' dir='ltr'>quamadmodum</span> <span class='ocrx_word' id='word_1_18' title='bbox 1797 590 1903 700; x_wconf 61' lang='lat' dir='ltr'>supr⁸a</span> <span class='ocrx_word' id='word_1_19' title='bbox 1938 582 1988 664; x_wconf 90' lang='lat' dir='ltr'>de</span> 
     </span>
     <span class='ocr_line' id='line_1_4' title="bbox 498 699 2103 803; baseline -0.004 -10"><span class='ocrx_word' id='word_1_20' title='bbox 498 709 732 803; x_wconf 85' lang='lat' dir='ltr'>terrestribus</span> <span class='ocrx_word' id='word_1_21' title='bbox 757 705 943 786; x_wconf 85' lang='lat' dir='ltr'>ostensum</span> <span class='ocrx_word' id='word_1_22' title='bbox 965 711 1028 789; x_wconf 89' lang='lat' dir='ltr'>est.</span> <span class='ocrx_word' id='word_1_23' title='bbox 1092 705 1134 785; x_wconf 94' lang='lat' dir='ltr'>ln</span> <span class='ocrx_word' id='word_1_24' title='bbox 1160 701 1312 784; x_wconf 88' lang='lat' dir='ltr'>diverfis</span> <span class='ocrx_word' id='word_1_25' title='bbox 1337 727 1464 787; x_wconf 88' lang='lat' dir='ltr'>autem</span> <span class='ocrx_word' id='word_1_26' title='bbox 1493 699 1694 803; x_wconf 83' lang='lat' dir='ltr'>distantiis,</span> <span class='ocrx_word' id='word_1_27' title='bbox 1725 729 1837 789; x_wconf 89' lang='lat' dir='ltr'>erunt</span> <span class='ocrx_word' id='word_1_28' title='bbox 1861 720 1902 790; x_wconf 71' lang='grc' dir='ltr'>δι</span> <span class='ocrx_word' id='word_1_29' title='bbox 1924 707 1990 786; x_wconf 86' lang='lat' dir='ltr'>ha·</span> <span class='ocrx_word' id='word_1_30' title='bbox 2083 701 2103 712; x_wconf 73' lang='grc'><strong>’</strong></span> 
     </span>
     <span class='ocr_line' id='line_1_5' title="bbox 500 817 1991 934; baseline -0.009 -18"><span class='ocrx_word' id='word_1_31' title='bbox 500 859 587 916; x_wconf 89' lang='lat' dir='ltr'>rum</span> <span class='ocrx_word' id='word_1_32' title='bbox 615 834 711 909; x_wconf 90' lang='lat' dir='ltr'>vires</span> <span class='ocrx_word' id='word_1_33' title='bbox 735 832 774 906; x_wconf 94' lang='lat' dir='ltr'>in</span> <span class='ocrx_word' id='word_1_34' title='bbox 798 822 988 932; x_wconf 89' lang='lat' dir='ltr'>duplicata</span> <span class='ocrx_word' id='word_1_35' title='bbox 1015 829 1163 905; x_wconf 91' lang='lat' dir='ltr'>ratione</span> <span class='ocrx_word' id='word_1_36' title='bbox 1188 817 1448 904; x_wconf 86' lang='lat' dir='ltr'>distantiarum</span> <span class='ocrx_word' id='word_1_37' title='bbox 1477 829 1683 934; x_wconf 76' lang='lat' dir='ltr'>reciproce:</span> <span class='ocrx_word' id='word_1_38' title='bbox 1717 853 1808 906; x_wconf 91' lang='lat' dir='ltr'>nam</span> <span class='ocrx_word' id='word_1_39' title='bbox 1834 855 1880 906; x_wconf 91' lang='lat' dir='ltr'>ex</span> <span class='ocrx_word' id='word_1_40' title='bbox 1905 850 1991 933; x_wconf 90' lang='lat' dir='ltr'>par·</span> 
     </span>
     <span class='ocr_line' id='line_1_6' title="bbox 502 935 1990 1055; baseline -0.007 -25"><span class='ocrx_word' id='word_1_41' title='bbox 502 948 629 1036; x_wconf 83' lang='lat' dir='ltr'>riculis</span> <span class='ocrx_word' id='word_1_42' title='bbox 655 944 729 1024; x_wconf 91' lang='lat' dir='ltr'>hac</span> <span class='ocrx_word' id='word_1_43' title='bbox 755 946 839 1052; x_wconf 91' lang='lat' dir='ltr'>lege</span> <span class='ocrx_word' id='word_1_44' title='bbox 860 942 1096 1024; x_wconf 85' lang='lat' dir='ltr'>trahentibus</span> <span class='ocrx_word' id='word_1_45' title='bbox 1120 948 1304 1051; x_wconf 90' lang='lat' dir='ltr'>componi</span> <span class='ocrx_word' id='word_1_46' title='bbox 1329 935 1469 1022; x_wconf 90' lang='lat' dir='ltr'>debete</span> <span class='ocrx_word' id='word_1_47' title='bbox 1490 941 1628 1052; x_wconf 87' lang='lat' dir='ltr'>globos</span> <span class='ocrx_word' id='word_1_48' title='bbox 1656 939 1791 1034; x_wconf 87' lang='lat' dir='ltr'>eadem</span> <span class='ocrx_word' id='word_1_49' title='bbox 1815 949 1900 1055; x_wconf 86' lang='lat' dir='ltr'>lege</span> <span class='ocrx_word' id='word_1_50' title='bbox 1917 965 1990 1025; x_wconf 84' lang='lat' dir='ltr'>tra-</span> 
     </span>
     <span class='ocr_line' id='line_1_7' title="bbox 505 1056 1959 1158; baseline -0.011 -6"><span class='ocrx_word' id='word_1_51' title='bbox 505 1071 662 1158; x_wconf 85' lang='lat' dir='ltr'>hentes,</span> <span class='ocrx_word' id='word_1_52' title='bbox 693 1059 967 1144; x_wconf 71' lang='lat' dir='ltr'>mathematice</span> <span class='ocrx_word' id='word_1_53' title='bbox 993 1056 1282 1142; x_wconf 88' lang='lat' dir='ltr'>demonstratur.</span> <span class='ocrx_word' id='word_1_54' title='bbox 1957 1117 1959 1120; x_wconf 83' lang='lat'><em>-</em></span> 
     </span>
    </p>

    <p class='ocr_par' dir='ltr' id='par_1_3' title="bbox 505 1173 2008 2948">
     <span class='ocr_line' id='line_1_8' title="bbox 565 1173 1994 1294; baseline -0.007 -26"><span class='ocrx_word' id='word_1_55' title='bbox 565 1181 841 1268; x_wconf 88' lang='lat' dir='ltr'>Conclusrones</span> <span class='ocrx_word' id='word_1_56' title='bbox 860 1175 1116 1287; x_wconf 75' lang='lat' dir='ltr'>praecedentes</span> <span class='ocrx_word' id='word_1_57' title='bbox 1135 1179 1224 1260; x_wconf 86' lang='lat' dir='ltr'>huic</span> <span class='ocrx_word' id='word_1_58' title='bbox 1248 1184 1460 1263; x_wconf 90' lang='lat' dir='ltr'>innituntur</span> <span class='ocrx_word' id='word_1_59' title='bbox 1477 1184 1689 1277; x_wconf 84' lang='lat' dir='ltr'>Axiomati,</span> <span class='ocrx_word' id='word_1_60' title='bbox 1719 1173 1827 1294; x_wconf 90' lang='lat' dir='ltr'>quod</span> <span class='ocrx_word' id='word_1_61' title='bbox 1846 1181 1866 1260; x_wconf 77' lang='lat' dir='ltr'>a</span> <span class='ocrx_word' id='word_1_62' title='bbox 1882 1181 1994 1262; x_wconf 89' lang='lat' dir='ltr'>nullis</span> 
     </span>
     <span class='ocr_line' id='line_1_9' title="bbox 505 1291 1991 1410; baseline -0.006 -24"><span class='ocrx_word' id='word_1_63' title='bbox 505 1330 586 1387; x_wconf 91' lang='lat' dir='ltr'>non</span> <span class='ocrx_word' id='word_1_64' title='bbox 600 1304 781 1407; x_wconf 84' lang='lat' dir='ltr'>recipitur</span> <span class='ocrx_word' id='word_1_65' title='bbox 797 1291 1041 1406; x_wconf 65' lang='lat' dir='ltr'>philosophis</span> <span class='ocrx_word' id='word_1_66' title='bbox 1073 1291 1276 1380; x_wconf 76' lang='lat' dir='ltr'>effesluum</span> <span class='ocrx_word' id='word_1_67' title='bbox 1290 1297 1432 1381; x_wconf 89' lang='lat' dir='ltr'>scilicet</span> <span class='ocrx_word' id='word_1_68' title='bbox 1449 1293 1615 1403; x_wconf 85' lang='lat' dir='ltr'>ejusdem</span> <span class='ocrx_word' id='word_1_69' title='bbox 1629 1308 1793 1410; x_wconf 86' lang='lat' dir='ltr'>generis,</span> <span class='ocrx_word' id='word_1_70' title='bbox 1823 1326 1991 1408; x_wconf 88' lang='lat' dir='ltr'>quorum</span> 
     </span>
     <span class='ocr_line' id='line_1_10' title="bbox 508 1410 1994 1531; baseline -0.003 -28"><span class='ocrx_word' id='word_1_71' title='bbox 508 1448 649 1531; x_wconf 86' lang='lat' dir='ltr'>nempe</span> <span class='ocrx_word' id='word_1_72' title='bbox 673 1444 758 1526; x_wconf 85' lang='lat' dir='ltr'>quae</span> <span class='ocrx_word' id='word_1_73' title='bbox 780 1414 1060 1526; x_wconf 88' lang='lat' dir='ltr'>cognoscuntur</span> <span class='ocrx_word' id='word_1_74' title='bbox 1087 1422 1335 1525; x_wconf 83' lang='lat' dir='ltr'>proprietates</span> <span class='ocrx_word' id='word_1_75' title='bbox 1353 1411 1497 1498; x_wconf 86' lang='lat' dir='ltr'>eaedem</span> <span class='ocrx_word' id='word_1_76' title='bbox 1514 1417 1617 1513; x_wconf 91' lang='lat' dir='ltr'>sunt,</span> <span class='ocrx_word' id='word_1_77' title='bbox 1648 1414 1799 1499; x_wconf 87' lang='lat' dir='ltr'>easdem</span> <span class='ocrx_word' id='word_1_78' title='bbox 1818 1410 1890 1497; x_wconf 86' lang='lat' dir='ltr'>elle</span> <span class='ocrx_word' id='word_1_79' title='bbox 1907 1445 1994 1498; x_wconf 88' lang='lat' dir='ltr'>cau·</span> 
     </span>
     <span class='ocr_line' id='line_1_11' title="bbox 509 1527 1998 1646; baseline -0.004 -26"><span class='ocrx_word' id='word_1_80' title='bbox 509 1539 563 1626; x_wconf 88' lang='lat' dir='ltr'>sas</span> <span class='ocrx_word' id='word_1_81' title='bbox 593 1551 634 1622; x_wconf 81' lang='lat' dir='ltr'>lic</span> <span class='ocrx_word' id='word_1_82' title='bbox 659 1527 811 1616; x_wconf 86' lang='lat' dir='ltr'>easdem</span> <span class='ocrx_word' id='word_1_83' title='bbox 841 1527 912 1614; x_wconf 85' lang='lat' dir='ltr'>elle</span> <span class='ocrx_word' id='word_1_84' title='bbox 942 1542 1190 1642; x_wconf 81' lang='lat' dir='ltr'>proprietates</span> <span class='ocrx_word' id='word_1_85' title='bbox 1218 1563 1301 1642; x_wconf 87' lang='lat' dir='ltr'>quae</span> <span class='ocrx_word' id='word_1_86' title='bbox 1335 1531 1511 1616; x_wconf 82' lang='lat' dir='ltr'>nondirm</span> <span class='ocrx_word' id='word_1_87' title='bbox 1544 1531 1836 1646; x_wconf 88' lang='lat' dir='ltr'>cognoscuntur.</span> <span class='ocrx_word' id='word_1_88' title='bbox 1898 1538 1998 1640; x_wconf 89' lang='lat' dir='ltr'>Quis</span> 
     </span>
     <span class='ocr_line' id='line_1_12' title="bbox 509 1647 1997 1764; baseline -0.005 -22"><span class='ocrx_word' id='word_1_89' title='bbox 509 1665 616 1742; x_wconf 88' lang='lat' dir='ltr'>enim</span> <span class='ocrx_word' id='word_1_90' title='bbox 637 1650 807 1747; x_wconf 88' lang='lat' dir='ltr'>dubitat,</span> <span class='ocrx_word' id='word_1_91' title='bbox 838 1651 1049 1760; x_wconf 87' lang='lat' dir='ltr'>figravitas</span> <span class='ocrx_word' id='word_1_92' title='bbox 1073 1650 1116 1731; x_wconf 87' lang='lat' dir='ltr'>srt</span> <span class='ocrx_word' id='word_1_93' title='bbox 1138 1651 1246 1732; x_wconf 86' lang='lat' dir='ltr'>causa</span> <span class='ocrx_word' id='word_1_94' title='bbox 1269 1647 1462 1736; x_wconf 73' lang='lat' dir='ltr'>descensus</span> <span class='ocrx_word' id='word_1_95' title='bbox 1486 1649 1619 1762; x_wconf 88' lang='lat' dir='ltr'>lapidis</span> <span class='ocrx_word' id='word_1_96' title='bbox 1634 1664 1676 1736; x_wconf 88' lang='lat' dir='ltr'>in</span> <span class='ocrx_word' id='word_1_97' title='bbox 1703 1653 1871 1764; x_wconf 83' lang='lat' dir='ltr'>Europa,</span> <span class='ocrx_word' id='word_1_98' title='bbox 1903 1661 1997 1762; x_wconf 89' lang='lat' dir='ltr'>quin</span> 
     </span>
     <span class='ocr_line' id='line_1_13' title="bbox 511 1764 2001 1881; baseline -0.007 -21"><span class='ocrx_word' id='word_1_99' title='bbox 511 1768 652 1860; x_wconf 88' lang='lat' dir='ltr'>eadem</span> <span class='ocrx_word' id='word_1_100' title='bbox 668 1771 711 1852; x_wconf 84' lang='lat' dir='ltr'>fit</span> <span class='ocrx_word' id='word_1_101' title='bbox 726 1766 834 1851; x_wconf 84' lang='lat' dir='ltr'>causa</span> <span class='ocrx_word' id='word_1_102' title='bbox 854 1764 1048 1850; x_wconf 86' lang='lat' dir='ltr'>descensus</span> <span class='ocrx_word' id='word_1_103' title='bbox 1064 1778 1103 1849; x_wconf 92' lang='lat' dir='ltr'>in</span> <span class='ocrx_word' id='word_1_104' title='bbox 1125 1767 1330 1851; x_wconf 85' lang='lat' dir='ltr'>America?</span> <span class='ocrx_word' id='word_1_105' title='bbox 1363 1773 1402 1854; x_wconf 87' lang='lat' dir='ltr'>Si</span> <span class='ocrx_word' id='word_1_106' title='bbox 1421 1779 1584 1881; x_wconf 84' lang='lat' dir='ltr'>gravitas</span> <span class='ocrx_word' id='word_1_107' title='bbox 1610 1795 1744 1854; x_wconf 90' lang='lat' dir='ltr'>mutua</span> <span class='ocrx_word' id='word_1_108' title='bbox 1767 1773 1881 1854; x_wconf 90' lang='lat' dir='ltr'>fuerit</span> <span class='ocrx_word' id='word_1_109' title='bbox 1899 1779 2001 1852; x_wconf 89' lang='lat' dir='ltr'>inter</span> 
     </span>
     <span class='ocr_line' id='line_1_14' title="bbox 511 1884 2002 2004; baseline -0.004 -28"><span class='ocrx_word' id='word_1_110' title='bbox 511 1887 681 2004; x_wconf 86' lang='lat' dir='ltr'>lapidem</span> <span class='ocrx_word' id='word_1_111' title='bbox 703 1899 744 1972; x_wconf 80' lang='lat' dir='ltr'>lic</span> <span class='ocrx_word' id='word_1_112' title='bbox 763 1909 904 1970; x_wconf 87' lang='lat' dir='ltr'>terram</span> <span class='ocrx_word' id='word_1_113' title='bbox 923 1898 962 1970; x_wconf 92' lang='lat' dir='ltr'>in</span> <span class='ocrx_word' id='word_1_114' title='bbox 984 1886 1150 1999; x_wconf 74' lang='lat' dir='ltr'>Europus</span> <span class='ocrx_word' id='word_1_115' title='bbox 1178 1893 1261 1996; x_wconf 88' lang='lat' dir='ltr'>quis</span> <span class='ocrx_word' id='word_1_116' title='bbox 1277 1889 1433 1998; x_wconf 86' lang='lat' dir='ltr'>negabit</span> <span class='ocrx_word' id='word_1_117' title='bbox 1451 1913 1623 1970; x_wconf 90' lang='lat' dir='ltr'>mutuam</span> <span class='ocrx_word' id='word_1_118' title='bbox 1642 1884 1713 1970; x_wconf 88' lang='lat' dir='ltr'>elle</span> <span class='ocrx_word' id='word_1_119' title='bbox 1734 1899 1773 1972; x_wconf 90' lang='lat' dir='ltr'>in</span> <span class='ocrx_word' id='word_1_120' title='bbox 1794 1889 2002 1970; x_wconf 75' lang='lat' dir='ltr'>Amerina?</span> 
     </span>
     <span class='ocr_line' id='line_1_15' title="bbox 514 2000 2002 2119; baseline -0.007 -21"><span class='ocrx_word' id='word_1_121' title='bbox 514 2016 553 2098; x_wconf 90' lang='lat' dir='ltr'>Si</span> <span class='ocrx_word' id='word_1_122' title='bbox 568 2019 628 2092; x_wconf 84' lang='lat' dir='ltr'>vis</span> <span class='ocrx_word' id='word_1_123' title='bbox 650 2013 850 2090; x_wconf 70' lang='lat' dir='ltr'>attrasliva</span> <span class='ocrx_word' id='word_1_124' title='bbox 877 2000 1011 2116; x_wconf 91' lang='lat' dir='ltr'>lapidis</span> <span class='ocrx_word' id='word_1_125' title='bbox 1034 2017 1074 2088; x_wconf 65' lang='grc' dir='ltr'>δέ</span> <span class='ocrx_word' id='word_1_126' title='bbox 1093 2026 1200 2085; x_wconf 83' lang='lat' dir='ltr'>terrae</span> <span class='ocrx_word' id='word_1_127' title='bbox 1226 2033 1501 2114; x_wconf 89' lang='lat' dir='ltr'>componatur,</span> <span class='ocrx_word' id='word_1_128' title='bbox 1533 2013 1571 2087; x_wconf 91' lang='lat' dir='ltr'>in</span> <span class='ocrx_word' id='word_1_129' title='bbox 1595 2005 1763 2119; x_wconf 79' lang='lat' dir='ltr'>Europa,</span> <span class='ocrx_word' id='word_1_130' title='bbox 1789 2038 1835 2089; x_wconf 82' lang='lat' dir='ltr'>ex</span> <span class='ocrx_word' id='word_1_131' title='bbox 1864 2007 2002 2088; x_wconf 89' lang='lat' dir='ltr'>viribus</span> 
     </span>
     <span class='ocr_line' id='line_1_16' title="bbox 513 2119 2003 2237; baseline -0.012 -23"><span class='ocrx_word' id='word_1_132' title='bbox 513 2131 721 2215; x_wconf 81' lang='lat' dir='ltr'>attrattivis</span> <span class='ocrx_word' id='word_1_133' title='bbox 746 2131 930 2237; x_wconf 80' lang='lat' dir='ltr'>partium3</span> <span class='ocrx_word' id='word_1_134' title='bbox 962 2131 1045 2236; x_wconf 92' lang='lat' dir='ltr'>quis</span> <span class='ocrx_word' id='word_1_135' title='bbox 1059 2125 1214 2235; x_wconf 86' lang='lat' dir='ltr'>negabit</span> <span class='ocrx_word' id='word_1_136' title='bbox 1230 2125 1389 2206; x_wconf 88' lang='lat' dir='ltr'>fimilem</span> <span class='ocrx_word' id='word_1_137' title='bbox 1415 2119 1486 2206; x_wconf 80' lang='lat' dir='ltr'>elle</span> <span class='ocrx_word' id='word_1_138' title='bbox 1501 2127 1819 2235; x_wconf 74' lang='lat' dir='ltr'>compositionem</span> <span class='ocrx_word' id='word_1_139' title='bbox 1834 2132 1872 2206; x_wconf 89' lang='lat' dir='ltr'>in</span> <span class='ocrx_word' id='word_1_140' title='bbox 1887 2123 2003 2204; x_wconf 79' lang='lat' dir='ltr'>Arate.</span> 
     </span>
     <span class='ocr_line' id='line_1_17' title="bbox 513 2239 2004 2352; baseline -0.005 -21"><span class='ocrx_word' id='word_1_141' title='bbox 513 2254 621 2331; x_wconf 82' lang='lat' dir='ltr'>rica?</span> <span class='ocrx_word' id='word_1_142' title='bbox 653 2249 692 2330; x_wconf 92' lang='lat' dir='ltr'>Si</span> <span class='ocrx_word' id='word_1_143' title='bbox 713 2247 888 2327; x_wconf 78' lang='lat' dir='ltr'>attraoro</span> <span class='ocrx_word' id='word_1_144' title='bbox 915 2266 1022 2325; x_wconf 82' lang='lat' dir='ltr'>terrae</span> <span class='ocrx_word' id='word_1_145' title='bbox 1048 2239 1096 2324; x_wconf 88' lang='lat' dir='ltr'>ad</span> <span class='ocrx_word' id='word_1_146' title='bbox 1115 2250 1244 2324; x_wconf 90' lang='lat' dir='ltr'>omnia</span> <span class='ocrx_word' id='word_1_147' title='bbox 1270 2270 1476 2352; x_wconf 90' lang='lat' dir='ltr'>corporum</span> <span class='ocrx_word' id='word_1_148' title='bbox 1496 2271 1635 2352; x_wconf 88' lang='lat' dir='ltr'>genera</span> <span class='ocrx_word' id='word_1_149' title='bbox 1662 2242 1770 2328; x_wconf 87' lang='lat' dir='ltr'>&amp;ad</span> <span class='ocrx_word' id='word_1_150' title='bbox 1796 2240 2004 2334; x_wconf 85' lang='lat' dir='ltr'>omnesdi-</span> 
     </span>
     <span class='ocr_line' id='line_1_18' title="bbox 515 2357 2004 2474; baseline -0.005 -23"><span class='ocrx_word' id='word_1_151' title='bbox 515 2372 667 2452; x_wconf 85' lang='lat' dir='ltr'>stantias</span> <span class='ocrx_word' id='word_1_152' title='bbox 696 2387 926 2473; x_wconf 86' lang='lat' dir='ltr'>propagetur</span> <span class='ocrx_word' id='word_1_153' title='bbox 954 2374 994 2445; x_wconf 91' lang='lat' dir='ltr'>in</span> <span class='ocrx_word' id='word_1_154' title='bbox 1026 2361 1195 2472; x_wconf 56' lang='lat' dir='ltr'>Europam</span> <span class='ocrx_word' id='word_1_155' title='bbox 1224 2357 1359 2470; x_wconf 92' lang='lat' dir='ltr'>quidni</span> <span class='ocrx_word' id='word_1_156' title='bbox 1383 2369 1521 2470; x_wconf 89' lang='lat' dir='ltr'>pariter</span> <span class='ocrx_word' id='word_1_157' title='bbox 1541 2372 1740 2474; x_wconf 87' lang='lat' dir='ltr'>propagari</span> <span class='ocrx_word' id='word_1_158' title='bbox 1764 2359 1936 2445; x_wconf 88' lang='lat' dir='ltr'>dicamus</span> <span class='ocrx_word' id='word_1_159' title='bbox 1964 2371 2004 2444; x_wconf 90' lang='lat' dir='ltr'>in</span> 
     </span>
     <span class='ocr_line' id='line_1_19' title="bbox 516 2471 2005 2593; baseline -0.005 -27"><span class='ocrx_word' id='word_1_160' title='bbox 516 2482 726 2566; x_wconf 79' lang='lat' dir='ltr'>America?</span> <span class='ocrx_word' id='word_1_161' title='bbox 758 2485 800 2563; x_wconf 92' lang='lat' dir='ltr'>ln</span> <span class='ocrx_word' id='word_1_162' title='bbox 832 2482 904 2560; x_wconf 92' lang='lat' dir='ltr'>hac</span> <span class='ocrx_word' id='word_1_163' title='bbox 936 2484 1066 2589; x_wconf 88' lang='lat' dir='ltr'>regula</span> <span class='ocrx_word' id='word_1_164' title='bbox 1095 2471 1274 2582; x_wconf 84' lang='lat' dir='ltr'>fundatur</span> <span class='ocrx_word' id='word_1_165' title='bbox 1303 2487 1428 2560; x_wconf 88' lang='lat' dir='ltr'>omnis</span> <span class='ocrx_word' id='word_1_166' title='bbox 1457 2477 1714 2590; x_wconf 84' lang='lat' dir='ltr'>philosophia:</span> <span class='ocrx_word' id='word_1_167' title='bbox 1762 2490 1903 2593; x_wconf 87' lang='lat' dir='ltr'>quippe</span> <span class='ocrx_word' id='word_1_168' title='bbox 1931 2481 2005 2591; x_wconf 67' lang='lat' dir='ltr'>quit</span> 
     </span>
     <span class='ocr_line' id='line_1_20' title="bbox 516 2591 2007 2707; baseline -0.005 -20"><span class='ocrx_word' id='word_1_169' title='bbox 516 2602 660 2688; x_wconf 73' lang='lat' dir='ltr'>sublati</span> <span class='ocrx_word' id='word_1_170' title='bbox 680 2600 777 2680; x_wconf 89' lang='lat' dir='ltr'>nihil</span> <span class='ocrx_word' id='word_1_171' title='bbox 796 2599 984 2680; x_wconf 88' lang='lat' dir='ltr'>affirmare</span> <span class='ocrx_word' id='word_1_172' title='bbox 1010 2599 1187 2707; x_wconf 84' lang='lat' dir='ltr'>pollrmus</span> <span class='ocrx_word' id='word_1_173' title='bbox 1210 2591 1259 2677; x_wconf 90' lang='lat' dir='ltr'>de</span> <span class='ocrx_word' id='word_1_174' title='bbox 1285 2599 1474 2679; x_wconf 74' lang='lat' dir='ltr'>universis.</span> <span class='ocrx_word' id='word_1_175' title='bbox 1535 2599 1770 2682; x_wconf 88' lang='lat' dir='ltr'>Constitutio</span> <span class='ocrx_word' id='word_1_176' title='bbox 1789 2601 2007 2693; x_wconf 81' lang='lat' dir='ltr'>rerumfin·</span> 
     </span>
     <span class='ocr_line' id='line_1_21' title="bbox 517 2714 2008 2836; baseline -0.003 -31"><span class='ocrx_word' id='word_1_177' title='bbox 517 2725 693 2836; x_wconf 87' lang='lat' dir='ltr'>gularum</span> <span class='ocrx_word' id='word_1_178' title='bbox 720 2715 922 2798; x_wconf 85' lang='lat' dir='ltr'>innotescit</span> <span class='ocrx_word' id='word_1_179' title='bbox 939 2745 1005 2827; x_wconf 91' lang='lat' dir='ltr'>pet</span> <span class='ocrx_word' id='word_1_180' title='bbox 1030 2715 1310 2798; x_wconf 91' lang='lat' dir='ltr'>observationes</span> <span class='ocrx_word' id='word_1_181' title='bbox 1334 2727 1374 2798; x_wconf 81' lang='lat' dir='ltr'>iic</span> <span class='ocrx_word' id='word_1_182' title='bbox 1395 2722 1667 2826; x_wconf 85' lang='lat' dir='ltr'>experimenta:</span> <span class='ocrx_word' id='word_1_183' title='bbox 1699 2714 1791 2799; x_wconf 93' lang='lat' dir='ltr'>inde</span> <span class='ocrx_word' id='word_1_184' title='bbox 1815 2715 1908 2798; x_wconf 83' lang='lat' dir='ltr'>verb</span> <span class='ocrx_word' id='word_1_185' title='bbox 1928 2748 2008 2800; x_wconf 88' lang='lat' dir='ltr'>non</span> 
     </span>
     <span class='ocr_line' id='line_1_22' title="bbox 518 2830 1894 2948; baseline -0.004 -24"><span class='ocrx_word' id='word_1_186' title='bbox 518 2842 587 2924; x_wconf 89' lang='lat' dir='ltr'>nisr</span> <span class='ocrx_word' id='word_1_187' title='bbox 608 2865 675 2948; x_wconf 90' lang='lat' dir='ltr'>per</span> <span class='ocrx_word' id='word_1_188' title='bbox 700 2835 800 2918; x_wconf 90' lang='lat' dir='ltr'>hanc</span> <span class='ocrx_word' id='word_1_189' title='bbox 825 2837 996 2946; x_wconf 88' lang='lat' dir='ltr'>regulam</span> <span class='ocrx_word' id='word_1_190' title='bbox 1020 2830 1070 2914; x_wconf 93' lang='lat' dir='ltr'>de</span> <span class='ocrx_word' id='word_1_191' title='bbox 1086 2861 1212 2914; x_wconf 88' lang='lat' dir='ltr'>rerum</span> <span class='ocrx_word' id='word_1_192' title='bbox 1240 2832 1495 2916; x_wconf 90' lang='lat' dir='ltr'>universarum</span> <span class='ocrx_word' id='word_1_193' title='bbox 1522 2837 1655 2915; x_wconf 72' lang='lat' dir='ltr'>naturi</span> <span class='ocrx_word' id='word_1_194' title='bbox 1669 2831 1894 2941; x_wconf 87' lang='lat' dir='ltr'>judicamus.</span> 
     </span>
    </p>

    <p class='ocr_par' dir='ltr' id='par_1_4' title="bbox 521 2947 2023 4127">
     <span class='ocr_line' id='line_1_23' title="bbox 578 2947 2012 3068; baseline -0.003 -30"><span class='ocrx_word' id='word_1_195' title='bbox 578 2961 667 3068; x_wconf 87' lang='lat' dir='ltr'>Jarn</span> <span class='ocrx_word' id='word_1_196' title='bbox 685 2955 774 3036; x_wconf 76' lang='lat' dir='ltr'>clim</span> <span class='ocrx_word' id='word_1_197' title='bbox 793 2961 921 3065; x_wconf 82' lang='lat' dir='ltr'>gravia</span> <span class='ocrx_word' id='word_1_198' title='bbox 939 2955 1010 3034; x_wconf 84' lang='lat' dir='ltr'>lint</span> <span class='ocrx_word' id='word_1_199' title='bbox 1026 2959 1157 3034; x_wconf 89' lang='lat' dir='ltr'>omnia</span> <span class='ocrx_word' id='word_1_200' title='bbox 1171 2979 1345 3061; x_wconf 90' lang='lat' dir='ltr'>corpora,</span> <span class='ocrx_word' id='word_1_201' title='bbox 1377 2981 1462 3060; x_wconf 84' lang='lat' dir='ltr'>quae</span> <span class='ocrx_word' id='word_1_202' title='bbox 1484 2947 1584 3062; x_wconf 89' lang='lat' dir='ltr'>apud</span> <span class='ocrx_word' id='word_1_203' title='bbox 1609 2980 1749 3035; x_wconf 91' lang='lat' dir='ltr'>terram</span> <span class='ocrx_word' id='word_1_204' title='bbox 1768 2957 1828 3035; x_wconf 86' lang='lat' dir='ltr'>vel</span> <span class='ocrx_word' id='word_1_205' title='bbox 1844 2963 1883 3035; x_wconf 90' lang='lat' dir='ltr'>in</span> <span class='ocrx_word' id='word_1_206' title='bbox 1903 2959 2012 3036; x_wconf 71' lang='lat' dir='ltr'>coelis</span> 
     </span>
     <span class='ocr_line' id='line_1_24' title="bbox 521 3067 2012 3184; baseline 0.002 -27"><span class='ocrx_word' id='word_1_207' title='bbox 521 3081 781 3184; x_wconf 86' lang='lat' dir='ltr'>reperiuntur,</span> <span class='ocrx_word' id='word_1_208' title='bbox 814 3067 862 3150; x_wconf 91' lang='lat' dir='ltr'>de</span> <span class='ocrx_word' id='word_1_209' title='bbox 882 3071 1019 3181; x_wconf 87' lang='lat' dir='ltr'>quibus</span> <span class='ocrx_word' id='word_1_210' title='bbox 1042 3077 1301 3181; x_wconf 83' lang='lat' dir='ltr'>experimenta</span> <span class='ocrx_word' id='word_1_211' title='bbox 1321 3073 1380 3149; x_wconf 91' lang='lat' dir='ltr'>vel</span> <span class='ocrx_word' id='word_1_212' title='bbox 1400 3069 1682 3152; x_wconf 86' lang='lat' dir='ltr'>observationes</span> <span class='ocrx_word' id='word_1_213' title='bbox 1699 3075 1891 3153; x_wconf 87' lang='lat' dir='ltr'>instituere</span> <span class='ocrx_word' id='word_1_214' title='bbox 1911 3077 2012 3160; x_wconf 72' lang='lat' dir='ltr'>licett</span> 
     </span>
     <span class='ocr_line' id='line_1_25' title="bbox 521 3185 2013 3302; baseline -0.002 -29"><span class='ocrx_word' id='word_1_215' title='bbox 521 3195 684 3276; x_wconf 80' lang='lat' dir='ltr'>omnini)</span> <span class='ocrx_word' id='word_1_216' title='bbox 711 3185 920 3273; x_wconf 92' lang='lat' dir='ltr'>dicendum</span> <span class='ocrx_word' id='word_1_217' title='bbox 949 3197 1041 3284; x_wconf 87' lang='lat' dir='ltr'>erit,</span> <span class='ocrx_word' id='word_1_218' title='bbox 1073 3196 1300 3301; x_wconf 87' lang='lat' dir='ltr'>gravitatem</span> <span class='ocrx_word' id='word_1_219' title='bbox 1324 3188 1548 3298; x_wconf 86' lang='lat' dir='ltr'>corporibus</span> <span class='ocrx_word' id='word_1_220' title='bbox 1573 3191 1753 3272; x_wconf 82' lang='lat' dir='ltr'>universis</span> <span class='ocrx_word' id='word_1_221' title='bbox 1778 3213 2013 3302; x_wconf 89' lang='lat' dir='ltr'>competere.</span> 
     </span>
     <span class='ocr_line' id='line_1_26' title="bbox 521 3300 2015 3420; baseline -0.003 -26"><span class='ocrx_word' id='word_1_222' title='bbox 521 3315 571 3394; x_wconf 89' lang='lat' dir='ltr'>Et</span> <span class='ocrx_word' id='word_1_223' title='bbox 599 3303 931 3420; x_wconf 81' lang='lat' dir='ltr'>quemadmodum</span> <span class='ocrx_word' id='word_1_224' title='bbox 954 3311 1056 3390; x_wconf 87' lang='lat' dir='ltr'>nulla</span> <span class='ocrx_word' id='word_1_225' title='bbox 1084 3313 1236 3415; x_wconf 90' lang='lat' dir='ltr'>concipi</span> <span class='ocrx_word' id='word_1_226' title='bbox 1257 3300 1399 3388; x_wconf 87' lang='lat' dir='ltr'>debent</span> <span class='ocrx_word' id='word_1_227' title='bbox 1425 3332 1606 3414; x_wconf 89' lang='lat' dir='ltr'>corpora,</span> <span class='ocrx_word' id='word_1_228' title='bbox 1640 3334 1726 3416; x_wconf 84' lang='lat' dir='ltr'>quac</span> <span class='ocrx_word' id='word_1_229' title='bbox 1751 3335 1829 3390; x_wconf 90' lang='lat' dir='ltr'>non</span> <span class='ocrx_word' id='word_1_230' title='bbox 1860 3311 1930 3391; x_wconf 86' lang='lat' dir='ltr'>srnt</span> <span class='ocrx_word' id='word_1_231' title='bbox 1952 3337 2015 3390; x_wconf 85' lang='lat' dir='ltr'>ex-</span> 
     </span>
     <span class='ocr_line' id='line_1_27' title="bbox 522 3421 2016 3536; baseline -0.002 -24"><span class='ocrx_word' id='word_1_232' title='bbox 522 3427 646 3522; x_wconf 85' lang='lat' dir='ltr'>tensa,</span> <span class='ocrx_word' id='word_1_233' title='bbox 677 3426 836 3508; x_wconf 90' lang='lat' dir='ltr'>mobilia</span> <span class='ocrx_word' id='word_1_234' title='bbox 856 3440 896 3509; x_wconf 74' lang='lat' dir='ltr'>or</span> <span class='ocrx_word' id='word_1_235' title='bbox 915 3426 1215 3536; x_wconf 88' lang='lat' dir='ltr'>impenetrabilia</span> <span class='ocrx_word' id='word_1_236' title='bbox 1223 3455 1235 3514; x_wconf 70' lang='grc' dir='ltr'><strong><em>ς</em></strong></span> <span class='ocrx_word' id='word_1_237' title='bbox 1269 3432 1321 3506; x_wconf 88' lang='lat' dir='ltr'>ita</span> <span class='ocrx_word' id='word_1_238' title='bbox 1336 3427 1443 3506; x_wconf 88' lang='lat' dir='ltr'>nulla</span> <span class='ocrx_word' id='word_1_239' title='bbox 1461 3430 1615 3533; x_wconf 90' lang='lat' dir='ltr'>concipi</span> <span class='ocrx_word' id='word_1_240' title='bbox 1638 3421 1793 3523; x_wconf 88' lang='lat' dir='ltr'>debere,</span> <span class='ocrx_word' id='word_1_241' title='bbox 1825 3456 1910 3535; x_wconf 87' lang='lat' dir='ltr'>quae</span> <span class='ocrx_word' id='word_1_242' title='bbox 1933 3455 2016 3509; x_wconf 88' lang='lat' dir='ltr'>non</span> 
     </span>
     <span class='ocr_line' id='line_1_28' title="bbox 523 3543 2016 3656; baseline 0 -28"><span class='ocrx_word' id='word_1_243' title='bbox 523 3551 594 3629; x_wconf 82' lang='lat' dir='ltr'>srnr</span> <span class='ocrx_word' id='word_1_244' title='bbox 617 3553 759 3656; x_wconf 88' lang='lat' dir='ltr'>gravia.</span> <span class='ocrx_word' id='word_1_245' title='bbox 821 3547 1044 3655; x_wconf 82' lang='lat' dir='ltr'>Corporum</span> <span class='ocrx_word' id='word_1_246' title='bbox 1069 3545 1251 3638; x_wconf 84' lang='lat' dir='ltr'>extensro,</span> <span class='ocrx_word' id='word_1_247' title='bbox 1284 3543 1491 3637; x_wconf 88' lang='lat' dir='ltr'>mobilitas,</span> <span class='ocrx_word' id='word_1_248' title='bbox 1517 3555 1557 3626; x_wconf 74' lang='grc' dir='ltr'>δι</span> <span class='ocrx_word' id='word_1_249' title='bbox 1580 3544 1919 3655; x_wconf 87' lang='lat' dir='ltr'>impenetrabilitas</span> <span class='ocrx_word' id='word_1_250' title='bbox 1934 3573 2016 3628; x_wconf 91' lang='lat' dir='ltr'>non</span> 
     </span>
     <span class='ocr_line' id='line_1_29' title="bbox 525 3658 2018 3776; baseline 0.001 -30"><span class='ocrx_word' id='word_1_251' title='bbox 525 3667 593 3746; x_wconf 91' lang='lat' dir='ltr'>nisr</span> <span class='ocrx_word' id='word_1_252' title='bbox 621 3691 687 3771; x_wconf 91' lang='lat' dir='ltr'>per</span> <span class='ocrx_word' id='word_1_253' title='bbox 718 3669 1002 3771; x_wconf 88' lang='lat' dir='ltr'>experimenta,</span> <span class='ocrx_word' id='word_1_254' title='bbox 1033 3661 1298 3763; x_wconf 71' lang='lat' dir='ltr'>innotescunt,</span> <span class='ocrx_word' id='word_1_255' title='bbox 1329 3659 1471 3743; x_wconf 91' lang='lat' dir='ltr'>eodem</span> <span class='ocrx_word' id='word_1_256' title='bbox 1492 3661 1605 3770; x_wconf 76' lang='lat' dir='ltr'>plane</span> <span class='ocrx_word' id='word_1_257' title='bbox 1635 3658 1756 3747; x_wconf 89' lang='lat' dir='ltr'>modo</span> <span class='ocrx_word' id='word_1_258' title='bbox 1778 3673 1942 3776; x_wconf 88' lang='lat' dir='ltr'>gravitas</span> <span class='ocrx_word' id='word_1_259' title='bbox 1962 3675 2018 3748; x_wconf 87' lang='lat' dir='ltr'>in·</span> 
     </span>
     <span class='ocr_line' id='line_1_30' title="bbox 526 3775 2019 3890; baseline -0.001 -24"><span class='ocrx_word' id='word_1_260' title='bbox 526 3778 699 3866; x_wconf 86' lang='lat' dir='ltr'>notescit.</span> <span class='ocrx_word' id='word_1_261' title='bbox 760 3781 938 3890; x_wconf 88' lang='lat' dir='ltr'>Corpora</span> <span class='ocrx_word' id='word_1_262' title='bbox 953 3789 1083 3862; x_wconf 87' lang='lat' dir='ltr'>omnia</span> <span class='ocrx_word' id='word_1_263' title='bbox 1097 3775 1147 3861; x_wconf 91' lang='lat' dir='ltr'>de</span> <span class='ocrx_word' id='word_1_264' title='bbox 1167 3777 1305 3888; x_wconf 91' lang='lat' dir='ltr'>quibus</span> <span class='ocrx_word' id='word_1_265' title='bbox 1325 3779 1608 3862; x_wconf 84' lang='lat' dir='ltr'>observationes</span> <span class='ocrx_word' id='word_1_266' title='bbox 1631 3781 1835 3879; x_wconf 89' lang='lat' dir='ltr'>habemus,</span> <span class='ocrx_word' id='word_1_267' title='bbox 1867 3781 2019 3866; x_wconf 66' lang='lat' dir='ltr'>extensa</span> 
     </span>
     <span class='ocr_line' id='line_1_31' title="bbox 527 3894 2016 4010; baseline -0.001 -26"><span class='ocrx_word' id='word_1_268' title='bbox 527 3901 610 3984; x_wconf 90' lang='lat' dir='ltr'>sunt</span> <span class='ocrx_word' id='word_1_269' title='bbox 637 3911 677 3982; x_wconf 80' lang='lat' dir='ltr'>lic</span> <span class='ocrx_word' id='word_1_270' title='bbox 700 3897 915 3981; x_wconf 87' lang='lat' dir='ltr'>mobilia&amp;</span> <span class='ocrx_word' id='word_1_271' title='bbox 943 3898 1265 4009; x_wconf 87' lang='lat' dir='ltr'>impenetrabilia:</span> <span class='ocrx_word' id='word_1_272' title='bbox 1297 3911 1337 3981; x_wconf 75' lang='grc' dir='ltr'>δι</span> <span class='ocrx_word' id='word_1_273' title='bbox 1359 3894 1450 3980; x_wconf 89' lang='lat' dir='ltr'>inde</span> <span class='ocrx_word' id='word_1_274' title='bbox 1468 3895 1735 3982; x_wconf 88' lang='lat' dir='ltr'>concludimus</span> <span class='ocrx_word' id='word_1_275' title='bbox 1754 3928 1916 4010; x_wconf 91' lang='lat' dir='ltr'>corpora</span> <span class='ocrx_word' id='word_1_276' title='bbox 1935 3908 2016 3986; x_wconf 85' lang='lat' dir='ltr'>uni·</span> 
     </span>
     <span class='ocr_line' id='line_1_32' title="bbox 528 4013 2023 4127; baseline 0.002 -28"><span class='ocrx_word' id='word_1_277' title='bbox 528 4018 645 4111; x_wconf 87' lang='lat' dir='ltr'>versa,</span> <span class='ocrx_word' id='word_1_278' title='bbox 676 4024 794 4099; x_wconf 87' lang='lat' dir='ltr'>etiam</span> <span class='ocrx_word' id='word_1_279' title='bbox 825 4020 886 4099; x_wconf 92' lang='lat' dir='ltr'>illa</span> <span class='ocrx_word' id='word_1_280' title='bbox 905 4013 1108 4127; x_wconf 90' lang='lat' dir='ltr'>dequibus</span> <span class='ocrx_word' id='word_1_281' title='bbox 1127 4013 1410 4099; x_wconf 86' lang='lat' dir='ltr'>observationes</span> <span class='ocrx_word' id='word_1_282' title='bbox 1431 4047 1511 4100; x_wconf 92' lang='lat' dir='ltr'>non</span> <span class='ocrx_word' id='word_1_283' title='bbox 1534 4013 1739 4112; x_wconf 87' lang='lat' dir='ltr'>habemus,</span> <span class='ocrx_word' id='word_1_284' title='bbox 1772 4018 1922 4100; x_wconf 85' lang='lat' dir='ltr'>extensa</span> <span class='ocrx_word' id='word_1_285' title='bbox 1949 4014 2023 4104; x_wconf 85' lang='lat' dir='ltr'>elle</span> 
     </span>
    </p>
   </div>
   <div class='ocr_carea' id='block_1_3' title="bbox 528 4135 2044 4817">
    <p class='ocr_par' dir='ltr' id='par_1_5' title="bbox 528 4135 2026 4724">
     <span class='ocr_line' id='line_1_33' title="bbox 528 4135 2023 4245; baseline 0.003 -29"><span class='ocrx_word' id='word_1_286' title='bbox 528 4149 569 4222; x_wconf 73' lang='lat' dir='ltr'>oc</span> <span class='ocrx_word' id='word_1_287' title='bbox 591 4135 814 4218; x_wconf 79' lang='lat' dir='ltr'>mobilia&amp;</span> <span class='ocrx_word' id='word_1_288' title='bbox 845 4137 1159 4244; x_wconf 88' lang='lat' dir='ltr'>impenetrabilia.</span> <span class='ocrx_word' id='word_1_289' title='bbox 1223 4139 1277 4218; x_wconf 93' lang='lat' dir='ltr'>lta</span> <span class='ocrx_word' id='word_1_290' title='bbox 1305 4163 1466 4243; x_wconf 88' lang='lat' dir='ltr'>corpora</span> <span class='ocrx_word' id='word_1_291' title='bbox 1496 4143 1629 4217; x_wconf 88' lang='lat' dir='ltr'>omnia</span> <span class='ocrx_word' id='word_1_292' title='bbox 1662 4137 1745 4218; x_wconf 91' lang='lat' dir='ltr'>sunt</span> <span class='ocrx_word' id='word_1_293' title='bbox 1777 4144 1940 4245; x_wconf 88' lang='lat' dir='ltr'>gravia,</span> <span class='ocrx_word' id='word_1_294' title='bbox 1973 4136 2023 4221; x_wconf 88' lang='lat' dir='ltr'>de</span> 
     </span>
     <span class='ocr_line' id='line_1_34' title="bbox 529 4249 2022 4365; baseline 0.004 -31"><span class='ocrx_word' id='word_1_295' title='bbox 529 4252 668 4365; x_wconf 79' lang='lat' dir='ltr'>quibus</span> <span class='ocrx_word' id='word_1_296' title='bbox 686 4253 967 4336; x_wconf 66' lang='lat' dir='ltr'>observationes</span> <span class='ocrx_word' id='word_1_297' title='bbox 981 4253 1182 4335; x_wconf 88' lang='lat' dir='ltr'>habemus:</span> <span class='ocrx_word' id='word_1_298' title='bbox 1219 4249 1364 4359; x_wconf 74' lang='lat' dir='ltr'>&amp;inde</span> <span class='ocrx_word' id='word_1_299' title='bbox 1378 4249 1644 4335; x_wconf 87' lang='lat' dir='ltr'>concludimus</span> <span class='ocrx_word' id='word_1_300' title='bbox 1661 4281 1823 4362; x_wconf 87' lang='lat' dir='ltr'>corpora</span> <span class='ocrx_word' id='word_1_301' title='bbox 1838 4257 2022 4356; x_wconf 89' lang='lat' dir='ltr'>universa,</span> 
     </span>
     <span class='ocr_line' id='line_1_35' title="bbox 529 4365 2025 4484; baseline 0.002 -30"><span class='ocrx_word' id='word_1_302' title='bbox 529 4383 645 4454; x_wconf 88' lang='lat' dir='ltr'>etiam</span> <span class='ocrx_word' id='word_1_303' title='bbox 664 4374 728 4452; x_wconf 92' lang='lat' dir='ltr'>illa</span> <span class='ocrx_word' id='word_1_304' title='bbox 747 4368 797 4452; x_wconf 90' lang='lat' dir='ltr'>de</span> <span class='ocrx_word' id='word_1_305' title='bbox 815 4373 952 4481; x_wconf 88' lang='lat' dir='ltr'>quibus</span> <span class='ocrx_word' id='word_1_306' title='bbox 968 4371 1248 4455; x_wconf 89' lang='lat' dir='ltr'>observationes</span> <span class='ocrx_word' id='word_1_307' title='bbox 1265 4401 1345 4452; x_wconf 91' lang='lat' dir='ltr'>non</span> <span class='ocrx_word' id='word_1_308' title='bbox 1361 4371 1566 4467; x_wconf 88' lang='lat' dir='ltr'>habemus,</span> <span class='ocrx_word' id='word_1_309' title='bbox 1597 4379 1727 4482; x_wconf 89' lang='lat' dir='ltr'>gravia</span> <span class='ocrx_word' id='word_1_310' title='bbox 1742 4365 1825 4456; x_wconf 87' lang='lat' dir='ltr'>elle.</span> <span class='ocrx_word' id='word_1_311' title='bbox 1887 4377 2025 4484; x_wconf 88' lang='lat' dir='ltr'>Siquis</span> 
     </span>
     <span class='ocr_line' id='line_1_36' title="bbox 530 4485 2026 4602; baseline 0.003 -30"><span class='ocrx_word' id='word_1_312' title='bbox 530 4485 637 4573; x_wconf 89' lang='lat' dir='ltr'>dicat</span> <span class='ocrx_word' id='word_1_313' title='bbox 664 4517 825 4602; x_wconf 92' lang='lat' dir='ltr'>corpora</span> <span class='ocrx_word' id='word_1_314' title='bbox 847 4493 1034 4573; x_wconf 85' lang='lat' dir='ltr'>stellarum</span> <span class='ocrx_word' id='word_1_315' title='bbox 1052 4499 1302 4574; x_wconf 89' lang='lat' dir='ltr'>inerrantium</span> <span class='ocrx_word' id='word_1_316' title='bbox 1330 4517 1410 4573; x_wconf 90' lang='lat' dir='ltr'>non</span> <span class='ocrx_word' id='word_1_317' title='bbox 1434 4485 1505 4574; x_wconf 87' lang='lat' dir='ltr'>elle</span> <span class='ocrx_word' id='word_1_318' title='bbox 1523 4499 1673 4601; x_wconf 88' lang='lat' dir='ltr'>gravia,</span> <span class='ocrx_word' id='word_1_319' title='bbox 1706 4485 2026 4602; x_wconf 86' lang='lat' dir='ltr'>quandoquidem</span> 
     </span>
     <span class='ocr_line' id='line_1_37' title="bbox 531 4606 2026 4724; baseline 0.001 -31"><span class='ocrx_word' id='word_1_320' title='bbox 531 4635 668 4696; x_wconf 86' lang='lat' dir='ltr'>eorum</span> <span class='ocrx_word' id='word_1_321' title='bbox 690 4615 856 4722; x_wconf 86' lang='lat' dir='ltr'>gravitas</span> <span class='ocrx_word' id='word_1_322' title='bbox 884 4607 1060 4700; x_wconf 87' lang='lat' dir='ltr'>nondum</span> <span class='ocrx_word' id='word_1_323' title='bbox 1085 4614 1137 4700; x_wconf 86' lang='lat' dir='ltr'>est</span> <span class='ocrx_word' id='word_1_324' title='bbox 1160 4607 1380 4722; x_wconf 67' lang='lat' dir='ltr'>observata,</span> <span class='ocrx_word' id='word_1_325' title='bbox 1410 4606 1549 4700; x_wconf 80' lang='lat' dir='ltr'>eodem</span> <span class='ocrx_word' id='word_1_326' title='bbox 1575 4632 1802 4724; x_wconf 86' lang='lat' dir='ltr'>argumento</span> <span class='ocrx_word' id='word_1_327' title='bbox 1827 4607 1957 4698; x_wconf 88' lang='lat' dir='ltr'>dicere</span> <span class='ocrx_word' id='word_1_328' title='bbox 1982 4615 2026 4698; x_wconf 86' lang='lat' dir='ltr'>li·</span> 
     </span>
    </p>

    <p class='ocr_par' dir='ltr' id='par_1_6' title="bbox 1926 4732 2044 4817">
     <span class='ocr_line' id='line_1_38' title="bbox 1926 4732 2044 4817; baseline -0.017 -1"><span class='ocrx_word' id='word_1_329' title='bbox 1926 4732 2044 4817; x_wconf 59' lang='lat' dir='ltr'>cebir*</span> 
     </span>
    </p>
   </div>
   <div class='ocr_carea' id='block_1_4' title="bbox 0 0 2300 5652">
    <p class='ocr_par' dir='ltr' id='par_1_7' title="bbox 0 0 2300 5652">
     <span class='ocr_line' id='line_1_39' title="bbox 0 0 2300 5652; baseline 0 0"><span class='ocrx_word' id='word_1_330' title='bbox 0 0 2300 5652; x_wconf 95' lang='lat' dir='ltr'> </span> 
     </span>
    </p>
   </div>
  </div>
 </body>
</html>
