4502 5662
570 488 723 560 xxiv
1068 449 1559 540 'EDITORIS.

562 613 722 691 nornine
745 625 879 714 praeter
900 621 1075 686 naturam
1095 601 1167 686 effe
1185 603 1448 696 affirmabunt,
1483 596 1591 714 quod
1606 630 1653 684 ex
1670 603 1751 685 aliis
1768 627 1974 711 corporum
1999 601 2053 684 au

557 722 789 836 stilionibus
821 741 936 831 atque
963 715 1054 802 ideo
1083 752 1130 804 eir
1164 723 1280 804 caufis
1313 723 1547 804 mechanicis
1574 730 1763 831 originem
1792 747 1872 802 non
1899 720 2050 804 habeat

560 847 717 930 Dantur
742 838 846 922 certi:
877 845 1063 949 primaria:
1104 866 1312 952 corporum
1352 835 1599 940 affedliones3
1636 867 1720 949 quae
1748 847 1931 949 quoniam
1964 840 2049 924 furit

563 966 770 1072 primariae,
802 984 881 1040 nori
906 952 1073 1066 pendent
1087 959 1136 1039 ab
1150 961 1242 1041 aliis.
1304 954 1481 1042 Viderint
1504 967 1617 1071 igitur
1639 971 1824 1042 annon&
1844 961 1900 1039 liae
1917 985 2053 1043 omnes

558 1079 636 1161 sint
652 1084 790 1189 pariter
817 1096 950 1185 ptaeter
974 1100 1169 1173 naturam,
1190 1079 1328 1186 'eoque
1345 1084 1484 1187 pariter
1508 1072 1744 1184 rejicienda:
1776 1071 1942 1159 viderint
1957 1081 2050 1161 veih

560 1200 686 1305 qualis
720 1196 763 1275 fit
791 1189 932 1275 deinde
958 1192 1085 1276 futura
1108 1193 1360 1305 philosophia.

625 1316 816 1400 Nonnulli
848 1310 932 1392 funt
955 1311 1092 1422 quibus
1118 1313 1201 1398 liaec
1235 1335 1317 1394 tota
1345 1311 1496 1424 physica
1518 1316 1682 1396 coelestis
1712 1315 1775 1395 vel
1804 1309 1894 1397 ideo
1924 1313 2051 1394 m'iiilis

557 1435 718 1550 placet,
765 1425 873 1540 quod
911 1457 1002 1512 cum
1037 1430 1183 1533 Carrefii
1206 1425 1459 1540 dogmatibus
1490 1459 1658 1544 pugnare
1688 1445 1729 1518 lic
1758 1437 1822 1516 vix
1855 1433 2052 1514 conciliari

558 1545 663 1662 polle
690 1545 877 1632 videatur.
936 1552 1010 1630 His
1028 1548 1090 1630 fua
1106 1547 1238 1631 licebit
1259 1556 1441 1659 opinione
1465 1549 1557 1638 frui3
1587 1578 1634 1631 ex
1654 1579 1766 1662 aequo
1783 1573 1914 1633 autem
1935 1573 2051 1660 agant

560 1689 736 1782 oportet:
768 1694 849 1747 non
871 1694 972 1778 crgo
1002 1664 1247 1780 denegabunt
1278 1671 1358 1752 aliis
1389 1661 1552 1750 eandem
1584 1667 1802 1752 libertatem
1830 1698 1948 1778 quani
1980 1669 2048 1750 sibi

555 1780 726 1869 'concedi
743 1788 942 1895 postulant.
1003 1782 1335 1874 Nuwrouin‘uiiii
1357 1791 1486 1895 itaque
1503 1784 1804 1897 philosophiam,
1832 1817 1920 1897 quae
1938 1786 2050 1870 nobis

557 1913 690 1988 verior
707 1902 892 2001 habetur,
918 1909 1082 1989 retinere
1103 1917 1144 1988 lic
1162 1907 1338 2013 amplesli
1355 1901 1507 2000 licebit,
1536 1907 1718 1988 &causas
1735 1904 1837 2016 sequi
1857 1935 1923 2016 per
1942 1907 2049 2016 pliae·

559 2050 730 2106 nomena
750 2021 1043 2132 comprobatas,
1076 2023 1201 2132 porilis
1227 2050 1344 2130 quam
1370 2023 1475 2102 lisias
1502 2033 1543 2104 δι
1564 2018 1740 2104 nondum
1765 2025 2049 2132 comprobatas.

559 2137 624 2228 nd
642 2167 772 2222 verani
801 2139 1080 2252 philosophiam
1104 2147 1291 2251 pertinet,
1314 2165 1443 2221 return
1468 2161 1618 2222 naturas
1645 2170 1693 2222 ex
1709 2141 1824 2222 causis
1847 2141 1935 2220 vere
1958 2139 2050 2222 exif-

556 2258 727 2344 tentibus
761 2253 954 2341 derivare:
988 2289 1050 2342 eas
1089 2258 1181 2340 vero
1209 2261 1312 2367 leges
1340 2285 1533 2367 quaerere,
1566 2257 1703 2366 quibus
1726 2259 1847 2340 voluit
1879 2257 2046 2340 summus

558 2376 688 2488 opifex
715 2374 819 2458 hunc
843 2372 979 2458 mundi
998 2373 1299 2486 pulcherrimum
1318 2370 1497 2456 ordinem
1513 2373 1694 2463 stabilires
1725 2403 1804 2457 non
1827 2403 1892 2456 eas
1910 2378 2047 2488 quibus

557 2501 705 2607 potuit,
736 2494 977 2577 siitavisum
996 2488 1128 2584 suisset,
1190 2496 1351 2580 Rationi
1382 2494 1486 2576 enlm
1512 2491 1725 2576 consonum
1752 2497 1825 2588 est,
1853 2497 1938 2576 urii
1966 2499 2046 2605 plu·

556 2611 661 2696 ribus
678 2611 813 2724 causis,
841 2611 1077 2695 abinvicem
1103 2612 1279 2694 nonnihil
1300 2604 1480 2709 diverfis,
1512 2606 1617 2693 idem
1642 2611 1753 2720 possit
1774 2605 1926 2694 effcdrus
1956 2639 2045 2723 pro.

554 2731 698 2814 ficifci:
720 2732 801 2812 haec
822 2753 951 2814 autern
979 2760 1067 2812 vera
1091 2737 1164 2813 erit
1192 2727 1320 2826 causa,
1347 2758 1394 2812 ex
1412 2757 1493 2837 'qua
1515 2730 1606 2812 verb
1635 2752 1750 2839 atque
1773 2732 1858 2812 aflu
1880 2727 2046 2840 proficis·

557 2857 681 2938 cituts
705 2853 866 2958 teliquae
891 2851 1022 2931 locum
1048 2877 1127 2931 non
1156 2846 1302 2930 habent
1334 2855 1375 2929 iri
1412 2846 1646 2960 philosophiis
1687 2851 1786 2930 veri.
1850 2847 1894 2928 ln
1930 2851 2044 2932 hoio.

552 2971 667 3079 logiis
702 2974 907 3049 automatis
941 2961 1046 3048 idem
1079 2962 1214 3049 indicis
1249 2968 1388 3048 horarii
1417 2963 1545 3046 motus
1568 2967 1630 3047 vel
1665 2964 1713 3046 ab
1751 2967 1914 3076 appenso
1948 2996 2044 3078 pon·

559 3079 651 3166 dere
678 3088 740 3166 vel
768 3082 815 3164 ab
845 3093 945 3168 intus
977 3083 1155 3166 concluso
1180 3088 1320 3165 clarete
1349 3091 1438 3164 oriri
1466 3088 1596 3191 potest.
1669 3078 1843 3189 Quodsi
1870 3085 2044 3169 oblatum

555 3203 804 3312 horologium
832 3203 964 3283 revera
996 3203 1038 3284 sit
1073 3205 1292 3285 instruslum
1321 3196 1520 3312 ponderes
1551 3196 1739 3284 ridebitur
1766 3210 1833 3312 qui
1859 3205 1977 3316 finget
2004 3234 2044 3287 e·

557 3327 739 3418 laterem,
766 3335 808 3404 dc
833 3349 879 3401 ex
902 3321 1102 3429 hypothesi
1120 3323 1171 3401 fic
1202 3317 1439 3431 praepropere
1463 3321 1628 3402 confifli
1647 3345 1799 3401 motum
1823 3317 1961 3405 indicis
1982 3352 2050 3412 ein.

556 3442 699 3547 plicare
730 3436 926 3546 suscipiet:
972 3447 1144 3548 oportuit
1170 3447 1274 3519 enirn
1313 3449 1503 3521 internam
1536 3437 1723 3520 machina
1760 3437 1944 3522 fabricam
1981 3469 2044 3552 pc-

557 3556 675 3664 nitilis
699 3555 940 3663 perscrutari,
976 3580 1021 3636 ut
1055 3564 1107 3638 ita
1136 3557 1265 3641 motiis
1290 3557 1471 3668 propositi
1493 3564 1721 3666 principium
1757 3585 1889 3640 verum
1914 3563 2045 3669 explo.

557 3695 683 3756 ratum
707 3672 848 3754 habere
877 3665 1008 3782 posset.
1068 3669 1176 3756 Idem
1204 3678 1266 3757 vel
1299 3704 1379 3757 non
1411 3673 1579 3757 absimile
1605 3674 1746 3757 seretur
1772 3669 1958 3782 judicium
1993 3672 2044 3759 de

557 3788 789 3901 philosophis
809 3794 901 3886 illis,
927 3795 993 3899 qui
1008 3795 1170 3875 materil
1187 3789 1353 3904 quidam
1373 3791 1602 3892 subtilissimi
1624 3797 1745 3874 coelos
1763 3787 1835 3873 elle
1859 3799 2041 3905 repletos,

556 3911 657 3990 hanc
682 3933 812 3991 autem
837 3919 877 3989 in
896 3917 1065 3990 vortices
1090 3907 1379 3996 indefinentera
1408 3916 1656 3994 ivoluerunt.
1718 3915 1826 3994 Nam
1847 3915 1868 3994 a
1888 3913 2043 4022 phaeno-

556 4034 679 4107 menis
699 4032 760 4110 vel
780 4025 1053 4109 accuratissimi
1077 4028 1286 4112 satisfacere
1310 3941 1458 4142 possent
1479 4059 1526 4112 ex
1554 4029 1825 4138 hypothesibus
1856 4025 1943 4120 suist
1979 4060 2043 4113 ve·

555 4171 639 4225 ram
664 4165 796 4226 tamen
828 4143 1105 4254 philosophiam
1128 4141 1337 4246 tradidisse,
1368 4159 1409 4232 dc
1442 4177 1548 4229 veras
1570 4142 1698 4228 causas
1724 4173 1902 4230 motuum
1932 4153 2042 4231 carle·

554 4265 666 4343 stium
687 4256 866 4345 invenisse
888 4257 1062 4343 nondum
1080 4260 1233 4347 dicendi
1253 4265 1355 4356 sunt;
1384 4267 1452 4346 nisi
1469 4269 1528 4346 vel
1552 4266 1617 4346 has
1630 4268 1761 4346 reveri
1785 4271 1957 4364 existere,
1981 4269 2043 4350 vel

555 4378 687 4462 saltem
701 4384 789 4462 alias
816 4409 896 4462 non
919 4385 1076 4462 existere
1099 4378 1451 4466 demonstraverint.
1496 4389 1614 4496 Igitur
1646 4383 1671 4461 ii
1697 4383 1882 4465 ostensum
1908 4382 2040 4481 fuerit,

461 4527 465 4540 ’
554 4496 818 4581 universorum
844 4525 1050 4608 corporum
1071 4505 1337 4584 attrallioneni
1361 4502 1501 4584 habere
1529 4497 1662 4582 verum
1685 4501 1816 4582 locum
1845 4507 2043 4584 interum

553 4616 711 4703 naturis
744 4624 956 4725 quinetiam
983 4618 1171 4701 ostensum
1205 4618 1343 4718 fuerit,
1377 4623 1452 4731 qui
1480 4627 1628 4703 ratione
1652 4643 1781 4701 motus
1809 4640 1945 4701 omnes
1970 4647 2042 4703 cae-

553 4735 661 4822 lestes
687 4732 827 4824 abinde
851 4734 1081 4824 solutionem
1103 4745 1307 4854 recipienti
1339 4768 1437 4828 uana
1462 4737 1576 4828 fuerit
1594 4748 1638 4826 dc
1663 4740 1804 4825 merito
1828 4733 2041 4822 deridenda

1861 4858 2040 4969 Ισῑήοᾶίο,
