4586 5658
834 369 915 440 104
1117 343 1968 428 nitrosos-nrtstrictius

642 489 814 627 13ξὲῗο
827 506 906 572 tute
936 480 1133 568 movendO
1172 481 1219 568 ad
1255 491 1332 593 ejus
1367 491 1525 598 angulos
1560 489 1721 597 singulos
1751 488 1771 568 it
1808 493 1953 571 circulo
1992 481 2220 586 reliedatur3

629 655 667 711 tt
683 663 701 704 u
716 661 754 705 Μ,
827 613 897 702 vis,
929 607 1004 716 qud
1027 607 1177 714 singulis
1206 606 1474 688 reflexionibus
1492 612 1672 718 impingit
1698 614 1736 688 in
1761 610 1960 706 circulum,
1985 613 2062 688 crit
2090 630 2130 686 ut
2159 609 2218 708 rjus

827 728 1034 805 velocitas:
1065 720 1232 835 ideoque
1258 725 1402 808 summa
1430 733 1568 806 virium
1598 735 1639 806 in
1667 719 1758 809 dato
1789 749 1963 836 tempore
1996 734 2073 806 erit
2103 743 2143 804 ut
2171 753 2218 802 ve.

806 845 962 926 ‘locitas
995 844 1092 942 illa,
1129 855 1169 926 δι
1199 871 1383 929 numerus
1419 844 1672 928 reflexionum
1706 847 1964 949 coniunstimr
1999 843 2079 924 hoc
2110 844 2160 922 eli
2183 843 2219 937 (li

824 968 1061 1073 polygonum
1092 957 1202 1042 detur
1228 962 1374 1075 specie)
1407 983 1449 1046 ut
1484 959 1688 1073 longitudo
1725 959 1817 1044 dato
1861 967 1928 1046 illo
1943 986 2134 1072 ‚ternpore
2160 954 2220 1038 des·

731 1161 735 1170 ,
826 1091 974 1192 cripta,
1007 1093 1049 1164 δι
1080 1082 1188 1163 auda
1219 1085 1280 1162 uel
1310 1078 1501 1165 diminuta
1536 1089 1576 1163 in
1606 1089 1755 1188 ratione
1779 1075 2048 1190 longitudinis
2079 1079 2218 1180 ejusden

825 1195 875 1284 ttd
915 1201 1060 1283 circuli·
1093 1193 1261 1308 ptaedidi
1316 1193 1496 1289 radium
1550 1194 1593 1282 id
1632 1205 1714 1296 est,
1768 1221 1811 1281 ur
1852 1195 2084 1310 quadrarum
2119 1201 2217 1304 longi

822 1313 966 1400 tudinis
1009 1320 1105 1398 illius
1142 1321 1372 1434 applicatum
1409 1313 1459 1399 ad
1498 1313 1669 1400 radium:
1708 1313 1900 1429 ideoque,
1943 1318 1969 1397 st
2005 1319 2215 1424 polygonum

820 1433 1000 1527 ¹lateribus
1042 1433 1189 1515 infinite
1231 1429 1428 1518 diminutis
1450 1432 1668 1520 concidat
1707 1463 1797 1518 curn
1828 1439 2021 1528 circulo,
2064 1457 2106 1514 ut
2141 1461 2211 1540 qun·

825 1551 980 1636 diarum
1021 1581 1128 1635 arcus
1161 1546 1254 1634 dato
1290 1577 1464 1667 ternpore
1506 1551 1678 1664 descripti
1715 1557 1943 1664 applicatum
1985 1547 2037 1632 ad
2078 1544 2212 1632 radium.

824 1674 922 1756 Haec
952 1673 1005 1758 est
1039 1679 1096 1754 vis
1126 1672 1359 1784 centrifuga,
1390 1673 1465 1784 qui
1496 1700 1634 1783 corpus
1668 1696 1778 1780 urget
1811 1677 2026 1759 circulum3
2066 1680 2107 1752 &
2146 1667 2213 1748 huic

826 1791 977 1899 aequalis
1009 1794 1061 1872 est
1094 1797 1148 1991 pis
1174 1800 1387 1891 contraria,
1419 1791 1495 1903 qut
1520 1795 1683 1878 circulus
1714 1801 1901 1880 continuo
1915 1791 2075 1903 ,repellit
2102 1811 2212 1894 corpus

830 1927 1007 1997 centrum
1031 1935 1097 1992 vet
1113 1935 1164 1994 us.

821 2949 872 2999 aut
897 2930 1104 2994 tollenonum.
1131 2923 1172 2988 iti
1199 2941 1230 2986 ut
1254 2925 1399 3014 ,ir-endem
1420 2927 1506 2989 fuerit
1555 2929 1620 2991 dem
1642 2929 1671 2990 in
1690 2942 1811 3006 utroque
1833 2927 1990 3010 polygono-
2000 2925 2157 2991 velocitate,
2173 2940 2207 2978 nl·
2258 2916 2265 2991 ·Ῐ

822 3013 944 3072 duorum
967 3026 1002 3067 co
1039 3025 1119 3065 orum
1140 3005 1346 3065 revolventium
1365 3003 1506 3070 celeritas,
1556 3007 1626 3066 tneri
1653 3005 1837 3065 inflexionum
1865 3005 1928 3063 sunt
1947 3003 2059 3065 inversi
2079 3003 2206 3064 utinen,

822 3088 896 3150 vires
914 3081 1004 3146 centri
1021 3101 1078 3160 ogae
1095 3079 1146 3141 lint
1159 3099 1195 3138 ut
1215 3078 1324 3138 nurneri
1339 3077 1506 3157 impactunm
1557 3079 1610 3141 live
1622 3083 1661 3140 ob
1670 3083 1885 3169 polygonorum
1895 3080 2112 3142 fimilirudinent,
2125 3073 2206 3136 invent

820 3157 1073 3224 aut'reflexionunr
1091 3173 1219 3236 ternpore
1236 3157 1305 3216 dato
1324 3157 1507 3234 peractarum
1557 3174 1601 3216 ut'
1618 3158 1689 3216 radri
1724 3158 1907 3217 circulorum.
1961 3154 1990 3214 Si
2023 3156 2097 3216 vero·
2110 3163 2206 3242 ponatur

820 3237 970 3317 namquo
1014 3234 1087 3294 lutet
1117 3234 1180 3292 sunt
1201 3250 1330 3309 tempore
1359 3233 1427 3290 dato
1453 3231 1507 3290 inr-
1556 3233 1633 3292 idern
1650 3232 1822 3292 circulorum
1843 3230 1999 3298 :aliun-or
2020 3232 2091 3291 varia
2108 3241 2207 3290 toruo·

821 3319 915 3396 padus
926 3320 952 3372 &
965 3256 1150 3377 reiiexiones,
1169 3308 1205 3368 eo
1225 3306 1312 3384 magis
1325 3326 1429 3384 corpus
1447 3305 1506 3364 cir·
1556 3328 1612 3387 que
1629 3309 1679 3387 pol
1701 3327 1777 3385 gono
1795 3307 1934 3368 velocitas
1959 3305 2121 3373 uniformis,
2133 3351 2136 3355 -
2147 3311 2207 3360 erunt

821 3394 918 3450 culum
938 3403 1019 3465 otger
1040 3404 1071 3445 ur
1089 3387 1104 3443 sl
1121 3403 1222 3444 centro
1245 3382 1363 3441 recedat
1383 3385 1410 3439 δι
1428 3381 1505 3442 vice·
1555 3383 1663 3444 numeri
1679 3329 1803 3444 interum
1824 3383 1854 3443 in
1874 3401 1994 3461 utroque
2021 3385 2156 3476 polygono
2172 3375 2207 3432 du·

820 3463 900 3526 versd
929 3460 1073 3538 contagii
1097 3459 1133 3519 ad
1160 3476 1288 3519 centrum
1317 3475 1431 3534 urgetur
1454 3477 1504 3534 per
1555 3477 1589 3520 to
1607 3478 1736 3537 tempore
1758 3457 1972 3538 percussorum,
2002 3461 2110 3522 directe
2132 3465 2206 3536 urle·

820 3537 924 3601 circuli
943 3535 1117 3597 icadioncm
1139 3535 1274 3610 aequalem
1293 3537 1318 3588 8<
1331 3533 1503 3592 contrariam
1554 3534 1689 3596 locitares
1709 3535 1881 3614 aequabiles,
1902 3536 1970 3606 seu,
1991 3553 2024 3595 ut
2043 3529 2205 3612 longitudtnts

817 3615 938 3676 'actioni
979 3611 1079 3686 Quare
1102 3607 1121 3669 st
1147 3607 1224 3694 varia
1247 3605 1334 3666 fuerit
1350 3626 1503 3687 corporum
1553 3610 1623 3670 dato
1640 3631 1769 3691 tempore
1792 3610 1937 3691 descripte
1957 3614 2034 3688 (5).
2072 3605 2205 3683 Quartu-

820 3693 850 3750 in
866 3687 1020 3780 polygonis
1034 3687 1242 3747 revolventium
1259 3683 1391 3744 celeritas
1410 3703 1503 3762 aequa·
1553 3685 1689 3746 risoribus
1716 3687 1857 3774 polygoni
1886 3689 2044 3750 velocitate
2073 3691 2098 3746 &
2128 3675 2205 3742 radior

819 3767 905 3830 bilis,
924 3784 996 3824 vires
1014 3759 1181 3838 centrifugae
1193 3775 1275 3819 erunt
1288 3778 1317 3818 ut
1331 3760 1502 3820 velocitates
1553 3781 1682 3822 numerus
1700 3761 1883 3834 reflexionutn
1904 3761 1944 3822 est
1965 3779 1995 3824 ut
2014 3759 2157 3825 velocitas.
2172 3749 2205 3808 sel

818 3847 846 3903 δι
862 3841 972 3903 numeri
989 3839 1155 3916 impastuum
1171 3833 1218 3894 seu
1230 3833 1413 3896 reflexionurn
1430 3855 1501 3896 tem·
1553 3854 1584 3896 ut
1600 3839 1756 3916 longitudo
1778 3854 1905 3917 ternpore
1928 3841 1997 3901 dato
2022 3835 2151 3912 descripta
2169 3844 2205 3900 tl·

819 3937 890 3998 pore
921 3919 991 3978 dato
1027 3913 1198 3992 petadarutn
1236 3912 1418 3990 conjunctim.
1459 3911 1501 3971 Est
1553 3911 1657 3989 plicata
1676 3913 1711 3972 ad
1728 3913 1847 3973 radium.
1888 3915 1963 3978 Cunr
1983 3915 2069 4004 igitur
2087 3895 2205 3988 suprius·

817 4012 913 4055 autem
938 4010 1067 4052 numerus
1087 3986 1270 4048 reflexionum
1288 4007 1417 4066 tempore
1433 3987 1501 4047 dato
1554 3989 1662 4048 tensum
1681 3987 1713 4046 fit
1731 3989 1786 4048 vim
1799 3990 1986 4068 centrifugam
2000 4013 2031 4052 in
2048 3985 2158 4050 circulo
2171 3985 2206 4034 ³1¹²

818 4087 850 4130 ut
874 4089 1004 4128 numerus
1025 4066 1145 4125 laterum
1167 4063 1237 4141 poly
1258 4063 1307 4122 oni
1330 4083 1367 4124 eo
1390 4082 1501 4142 rempo—
1553 4062 1609 4123 vim
1631 4064 1820 4144 tentripetam
1844 4065 1892 4144 ipsr
1915 4069 2051 4145 aequnlern
2072 4069 2205 4122 &contu-

817 4165 849 4205 re
866 4145 1081 4223 descriptorum.
1135 4083 1258 4197 Porioi
1277 4141 1375 4199 eadem
1397 4139 1502 4217 suppo·
1552 4137 1643 4201 riam,
1679 4139 1733 4200 elle
1766 4138 1794 4200 in
1830 4141 1943 4202 tatione
1973 4136 2121 4222 compofiti
2147 4125 2204 4190 selu

818 4237 901 4280 nator
923 4221 952 4278 in
969 4234 1091 4294 utroque
1113 4213 1262 4293 polygono
1280 4213 1430 4279 ¹velocitas,
1451 4235 1502 4272 nu·
1553 4213 1648 4272 citatis
1670 4219 1696 4272 δι
1724 4217 1836 4278 numeri
1854 4218 2045 4278 >tollenonum
2069 4215 2131 4274 dato
2150 4221 2204 4266 tem·

817 4297 891 4355 meti
913 4298 1033 4355 laterum
1056 4290 1161 4350 eodem
1185 4307 1315 4368 ternpore
1342 4287 1502 4368 descripto·
1554 4308 1623 4365 pote
1640 4293 1833 4367 potestatum,
1853 4291 1945 4373 liquet
1964 4295 2081 4356 eandem
2097 4287 2145 4346 tint
2159 4295 2205 4338 ceu

817 4389 880 4430 rum
909 4389 988 4432 erunt
1011 4363 1164 4452 [reciproci
1195 4384 1224 4425 ut
1254 4366 1346 4425 latera
1376 4363 1501 4443 fingrrla;
1554 4361 1688 4452 trifugetn
1709 4368 1764 4427 eli'e
1784 4388 1900 4447 quoque
1924 4387 1955 4429 ut
1971 4371 2129 4448 quadratum
2145 4356 2204 4416 relo-

808 4457 877 4525 ¹quo
897 4445 976 4506 eninr
992 4445 1102 4523 majora
1127 4440 1189 4500 sunt
1210 4443 1319 4508 latera,
1348 4459 1384 4499 eo
1408 4438 1502 4499 minor
1553 4439 1648 4502 citatis
1669 4443 1749 4503 radio
1766 4443 1902 4512 divisum,
1922 4429 2204 4517 &eriamutqualrr

817 4542 918 4582 eorum
937 4540 1066 4581 numerus
1082 4519 1151 4578 dato
1169 4534 1299 4604 tempore
1314 4516 1435 4594 datique
1455 4537 1504 4576 ve·
1554 4533 1613 4576 turn
1633 4517 1820 4598 longitudinis
1843 4521 1890 4581 seu
1913 4521 1992 4582 arcds
2016 4521 2083 4581 dato
2103 4515 2205 4589 remp⁰¹⁶

815 4599 939 4668 incitare
967 4594 1163 4679 perennitus,⁸
1188 4609 1276 4672 quare
1301 4609 1433 4671 inurente
1452 4593 1502 4658 tl·
1555 4591 1689 4674 descripti
1710 4593 1941 4684 applicupumad
1959 4597 2076 4674 oliuo
2161 4657 2208 4716 W.
